2392 4050
459 172 557 225 158

1010 187 1167 244 ‚mu
1190 187 1394 231 onaan
1416 189 1648 226 cmnnnu.

456 289 616 345 super
648 287 839 326 omnes
874 271 1019 325 filios
1054 287 1207 335 sum,
1245 288 1310 324 eo
1381 273 1616 328 dicentes
1635 294 1650 324 ι
1671 273 1873 326 Είιῑηιιε
1891 272 1948 326 in
1968 271 2226 328 Dethain.

457 345 607 416 quod
642 346 703 398 in
739 345 1011 398 senectute
1047 346 1312 413 genuisset
1378 346 1614 410 Perrexit
1627 361 1756 414 ergo
1771 345 1970 416 Joseph
1990 352 2117 416 post
2135 346 2232 399 sra-

456 435 603 481 eum,
630 417 861 487 fecitque
882 419 933 471 ei
954 418 1193 471 tunicam
1212 434 1309 488 po-

458 493 718 562 lymitam.
742 493 987 546 videntes
1006 498 1183 544 autem
1205 491 1308 544 sra-

459 573 567 617 tres
600 566 719 634 ejus
754 565 903 633 quod
938 566 970 618 a
1004 572 1155 635 patre
1190 566 1312 634 plus

461 638 668 690 cunctis
699 634 825 690 filiis
860 641 1152 700 amaretur,
1180 637 1309 692 6de-

458 718 582 764 rant
620 726 780 770 eum3
827 727 930 763 nec
970 711 1220 780 peterent
1261 711 1312 763 ei

452 784 756 853 ‚quidquam
776 782 996 853 pacifice
1014 784 1181 852 loqui.
1209 786 1308 836 Ac-

459 857 591 910 cidit
625 872 843 926 quoque
871 864 930 909 ut
960 857 1133 908 visum
1164 856 1310 910 sem-

458 931 617 983 nium
642 929 866 996 referret
890 929 1142 982 fratribus
1166 930 1274 982 suis
1291 972 1307 990 ,

460 1019 579 1072 quae
606 1020 764 1056 causa
784 1003 1004 1071 majeris
1021 1003 1137 1056 edii
1154 1001 1308 1056 semi-

459 1077 677 1131 narium
690 1076 715 1128 f
716 1077 811 1129 uit.
833 1075 1086 1144 Dixitque
1100 1074 1171 1129 ad
1182 1091 1275 1128 eos
1293 1098 1308 1127 z

456 1149 657 1205 Audite
670 1149 942 1204 semnium
956 1164 1139 1202 meum
1162 1149 1313 1217 quod

460 1222 570 1276 vidi
588 1245 601 1274 ι
620 1220 882 1276 Putabam
903 1239 1001 1276 nos
1021 1223 1182 1291 ligere
1199 1238 1311 1274 ma-

459 1295 681 1366 nipulos
700 1293 759 1350 in
779 1311 925 1364 agm,
948 1298 1003 1347 et
1018 1295 1171 1364 quasi
1190 1310 1314 1347 con·

459 1368 673 1436 uergere
712 1368 1051 1438 manipulum
1091 1384 1276 1419 meum
1293 1407 1308 1428 ‚

460 1449 514 1494 et
545 1448 711 1501 stare;
745 1448 1048 1510 vestrosque
1073 1441 1314 1512 manipu-

462 1515 543 1570 los
559 1514 960 1568 circumstantes
974 1514 1193 1568 adorare
1207 1530 1313 1566 ma-

460 1585 711 1655 nipulum
759 1603 960 1639 meum.
1006 1585 1312 1654 Responde-

464 1664 591 1710 runt
623 1657 812 1712 fratres
844 1660 963 1726 ejus
992 1680 1007 1710 =
1034 1657 1315 1726 Numquid

464 1743 559 1785 rex
582 1739 767 1784 noster
790 1732 928 1784 eris?
952 1738 1044 1785 aut
1065 1729 1313 1799 subjicie-

462 1819 587 1858 mur
618 1803 814 1858 ditidni
847 1805 986 1857 tuae?
1022 1807 1151 1856 Haec
1184 1819 1312 1872 ergo

464 1893 627 1931 causa
657 1877 995 1930 somniemm
1022 1884 1181 1945 atque
1207 1893 1311 1929 ser-

462 1951 725 2012 menum‚
756 1944 970 2002 invidiae
1006 1956 1061 2004 et
1090 1950 1207 2006 edii
1233 1949 1311 2003 fe-

462 2023 649 2077 mitem
674 2023 1007 2097 ministrevit.

739 2099 929 2150 Laeuo
956 2108 1016 2149 11.

460 2126 711 2227 Cuneus
736 2162 923 2221 fratres
949 2166 1091 2221 illius
1112 2164 1173 2221 in
1198 2182 1314 2236 pas-

463 2240 651 2293 cendis
674 2240 922 2309 gregibus
943 2241 1109 2311 patris
1132 2256 1309 2293 mora-

464 2320 653 2366 rentur
683 2314 741 2365 in
776 2312 991 2367 Sichem
1013 2354 1028 2376 ‚
1069 2313 1204 2367 dixit
1245 2312 1316 2365 ad

462 2402 589 2440 eum
616 2388 776 2440 Israel
806 2410 819 2439 ε
848 2390 1060 2439 Fratres
1080 2386 1163 2438 tui
1194 2401 1312 2456 pas-

464 2466 597 2515 cunt
618 2475 744 2513 oves
761 2460 821 2512 in
840 2458 1095 2514 sichimis
1118 2481 1132 2513 =
1154 2459 1308 2520 veni,
1338 2462 1340 2467 '

464 2534 677 2586 mittam
710 2541 765 2585 te
805 2533 875 2585 ad
914 2548 1022 2586 eos,
1071 2534 1195 2597 Quo
1231 2547 1312 2583 re·-

464 2606 761 2677 spondente
779 2646 794 2669 ,
825 2608 1025 2661 Praesto
1054 2620 1172 2657 sum
1191 2645 1206 2667 ,
1244 2605 1315 2657 ait

462 2679 512 2731 ei
546 2699 560 2727 ι
594 2677 767 2739 Vade,
808 2685 861 2730 et
892 2678 1013 2729 vide
1044 2678 1089 2729 si
1121 2685 1314 2730 cuncta

462 2751 719 2820 prespera
731 2750 837 2804 sint
854 2765 979 2817 erga
992 2750 1181 2802 fratres
1196 2757 1314 2802 tuos

462 2827 517 2874 et
546 2824 774 2891 pecora3
804 2828 859 2875 et
890 2822 1142 2875 renuntia
1179 2822 1315 2875 mihi

464 2895 598 2961 quid
630 2895 831 2962 agatur.
864 2895 1051 2947 Missus
1086 2894 1153 2947 de
1178 2895 1314 2949 valle

459 2964 713 3029 Hebron,
756 2967 900 3020 venit
941 2968 999 3019 in
1038 2966 1252 3022 Sichem
1295 2990 1310 3019 z

464 3040 773 3109 invenitque
798 3056 923 3094 eum
942 3042 1022 3093 vir
1044 3047 1314 3095 errantem

465 3113 520 3165 in
546 3128 673 3181 agro
694 3152 709 3178 ,
740 3120 793 3166 et
815 3114 1158 3182 interrogavit
1183 3112 1316 3182 quid

464 3192 743 3255 quaereret.
782 3188 852 3239 At
876 3187 966 3239 ille
993 3186 1270 3257 respondit
1297 3208 1311 3238 z

464 3261 673 3311 Fratres
704 3274 855 3311 meos
890 3276 1073 3328 quaero
1090 3300 1105 3323 ,
1134 3258 1318 3313 indica

1383 427 1487 471 tres
1497 434 1637 480 sum,
1655 424 1710 472 et
1725 419 1930 490 invenit
1941 434 2038 471 eos
2055 419 2116 472 in
2131 421 2232 473 De—

1381 491 1546 545 thain.
1568 493 1678 556 Qui
1693 493 1822 544 cum
1833 491 2090 554 vidissent
2105 508 2232 546 eum

1379 566 1600 634 procul,
1639 567 1924 632 autequam
1957 565 2237 620 accederet

1381 637 1452 692 ad
1464 653 1572 700 eos,
1593 639 1960 706 cogitaverunt
1971 637 2130 699 illum
2146 653 2231 690 oc-

1381 709 1837 774 cidere,etm1'1tub
1846 701 2231 778 loquebantur:

1380 787 1518 838 Ecce
1569 785 1868 848 somniator
1915 785 2096 842 *fenita
2151 799 2234 838 ve-

1381 857 1517 919 nite,
1541 857 1852 910 occidamus
1867 872 2016 918 eum,
2041 863 2098 908 et
2113 857 2236 914 mit-

1382 932 1557 984 temus
1575 930 1636 982 in
1659 931 1948 983 cisternam
1969 931 2233 987 veterem;

1382 1004 1728 1071 dicemusque
1776 1025 1790 1054 z
1831 1007 1966 1057 Fera
2009 1001 2240 1073 pessima

1383 1076 1651 1129 devoravit
1685 1091 1858 1136 eumz⁴
1879 1082 1936 1128 et
1971 1081 2108 1127 tunc
2147 1091 2237 1148 ap-

1382 1147 1594 1220 parebit
1612 1147 1746 1218 quid
1763 1147 1842 1202 illi
1859 1147 2077 1219 prosint
2097 1148 2235 1200 sem-

1382 1238 1474 1275 n1a
1497 1238 1608 1275 sua.

1647 1297 1841 1348 anrxo
1877 1309 1964 1346 111.

1383 1369 1564 1422 Lectio
1579 1367 1746 1420 sancti
1760 1365 2042 1434 Evangelii
2053 1381 2240 1420 secun-

1468 1443 1598 1496 dum
1623 1438 1962 1492 Matthaeum.
2011 1440 2074 1492 G.
2101 1441 2154 1492 6.

1386 1476 1460 1566 ΙΝ
1487 1513 1581 1567 illo
1610 1515 1883 1583 temporez
1916 1511 2070 1566 Dixit
2097 1515 2246 1564 Jesus

1385 1585 1660 1655 discipulis
1679 1585 1789 1638 suis
1811 1607 1825 1636 ι
1855 1585 2000 1636 Ciun
2023 1585 2242 1654 jejuna-

1384 1660 1450 1712 tis
1463 1699 1478 1722 ,
1505 1658 1674 1713 nolite
1693 1657 1818 1713 fleri
1833 1657 1972 1710 sicut
1991 1655 2244 1728 hypocri-

1383 1740 1450 1785 tae
1467 1773 1482 1794 .
1511 1733 1700 1784 tristes.
1732 1733 1800 1785 Et
1823 1731 2056 1798 reliqua.

1443 1803 1679 1858 Homllia
1701 1804 1869 1856 sancti
1893 1801 2194 1870 Augustini

1498 1875 1769 1947 Episcopi.
1811 1876 1981 1928 Serm.
2017 1893 2149 1944 207.

1383 1910 1692 2004 Jnsumnuus
1729 1948 2090 2001 humiliantes
2133 1946 2247 2000 ani-

1385 2039 1501 2079 mas
1515 2030 1744 2084 nostram,
1771 2021 2253 2093 appropinquante

1385 2096 1472 2149 die
1497 2112 1605 2165 quo
1637 2096 1889 2163 magister
1921 2094 2252 2148 humilitatis

1383 2167 1686 2223 humilievit
1713 2168 2099 2239 semetipsum,
2140 2164 2252 2219 fac—

1384 2248 1470 2294 tus
1481 2242 1725 2297 subditus
1739 2257 1910 2310 usque
1925 2239 1996 2293 ad
2009 2246 2252 2293 mortem

1385 2315 1576 2367 crucis,
1604 2314 1910 2367 imitemur
1951 2314 2077 2382 ejus
2123 2328 2251 2365 cru-

1385 2403 1504 2439 cem
1520 2426 1534 2449 ,
1565 2385 1900 2439 abstinentiae
1929 2386 2096 2441 clavis
2117 2384 2251 2438 ede-

1386 2460 1544 2533 mitas
1577 2459 2047 2529 concupiscentias
2080 2457 2252 2511 confi-

1385 2538 1585 2601 gentes.
1653 2533 1988 2600 Castigemus
2052 2546 2258 2601 corpus

1382 2610 1664 2668 nostrum,
1703 2613 1756 2658 et
1789 2604 2038 2657 servituti
2079 2602 2254 2673 subji-

1382 2678 1618 2737 ciemusz
1641 2685 1695 2733 et
1709 2694 1782 2731 ne
1798 2694 1898 2747 per
1917 2676 2256 2731 indemitam
2345 2716 2352 2723 .

1385 2767 1605 2803 carnem
1649 2750 1718 2804 ad
1761 2748 1956 2803 illicita
1997 2748 2254 2820 prolaba-

1383 2840 1529 2887 mur,
1554 2825 1614 2876 in
1631 2840 1693 2877 ea
1706 2823 1984 2885 domanda
2004 2823 2257 2891 aliquan-

1383 2902 1503 2949 tum
1554 2903 1610 2964 et
1647 2896 1796 2965 licita
1841 2894 2253 2949 subtrahamus.

1386 2970 1616 3039 crepula
1633 2976 1686 3021 et
1704 2968 1936 3023 ebrietas
1961 2970 2132 3021 etiam
2158 2984 2261 3039 per

1385 3042 1502 3096 dies
1542 3044 1746 3095 ceteros
1783 3040 2112 3101 devitanda;
2158 3058 2262 3113 per

1382 3114 1484 3167 hos
1498 3122 1675 3168 autem
1690 3115 1804 3169 dies
1817 3114 1983 3167 etiam
1995 3130 2260 3169 concessa

1383 3186 1616 3257 prandia
1663 3186 2016 3241 removenda.
2076 3188 2262 3241 Facile

1386 3258 1486 3313 tibi
1529 3259 1930 3330 obtemperebit
1971 3276 2138 3325 caro,
2188 3275 2262 3313 ne

458 3330 605 3384 mihi
630 3328 727 3385 ubi
750 3340 973 3400 pascant
992 3348 1193 3401 greges·
1228 3331 1316 3385 Di·
1387 3332 1646 3387 inhaereat
1671 3333 1881 3396 alienis,
1915 3348 2042 3401 quae
2070 3331 2258 3385 refrae-

468 3405 647 3473 xitque
670 3403 721 3455 ei
744 3405 824 3457 vir
848 3426 863 3455 ε
886 3407 1232 3459 Recesserunt
1249 3402 1318 3456 de
1385 3406 1506 3459 nari
1553 3406 1890 3475 consueverit
1933 3414 1991 3459 et
2041 3408 2073 3459 a
2121 3405 2254 3467 suis

470 3478 589 3559 loco
622 3477 753 3535 istoz
794 3476 972 3531 audivi
1010 3485 1189 3533 autem
1228 3492 1318 3534 eos
1389 3478 1700 3560 Cavendum
1721 3485 1799 3533 est
1816 3495 1888 3533 ne
1908 3484 2113 3540 mutes,
2138 3493 2261 3531 uon

2377 2869 2382 2903 ...-
2375 2722 2382 2833 s--ffl
2379 2582 2382 2685 —.-
2379 2508 2382 2537 ,-
2379 2454 2382 2465 ,
