2392 4050
449 185 547 240 188

441 274 757 345 inveniens;
796 283 924 353 quia
964 291 1132 338 castas
1158 300 1312 337 men-

440 363 520 408 tes
555 356 850 426 effugiens,
892 357 951 410 in
990 357 1106 411 solo
1147 358 1317 412 corde

440 429 733 497 pravorum
758 436 965 499 gratam
1006 429 1110 486 sibi
1142 437 1319 503 potest

440 502 686 556 invenire
710 503 974 572 requiem.

512 585 576 642 Py.
601 576 737 629 Gum
759 575 1072 629 immundus
1096 575 1318 646 spiritus

444 645 629 702 exierit
653 649 721 703 de
744 647 969 704 homine
987 689 1002 711 ‚
1036 649 1197 703 dicit:
1216 651 1314 702 Re-

438 725 617 774 vertar
638 721 695 774 in
716 721 940 776 domum
966 739 1143 776 meam
1170 721 1318 776 unde

439 791 593 848 exivi.
639 796 797 848 Tunc
838 796 1062 849 assumit
1109 803 1316 867 septem

441 865 575 920 alios
592 866 807 937 spiritus
826 884 1009 923 secum
1029 869 1318 938 nequiores

440 953 528 1000 se;
560 947 614 992 et
637 940 663 968 ⁴*
686 941 853 994 Fiunt
886 940 1176 996 novissima
1194 940 1315 995 116-

440 1012 605 1066 minis
629 1012 773 1068 iilius
805 1015 995 1086 pejora
1023 1013 1309 1084 prioribus·

445 1087 510 1152 γ.
548 1085 700 1140 Sicut
734 1087 881 1141 canis
916 1087 1010 1156 qui
1034 1087 1319 1142 revertitur

442 1156 512 1209 ad
549 1160 815 1214 vomitum
855 1175 1013 1214 suum
1045 1201 1059 1224 ‚
1100 1160 1175 1214 sic
1213 1161 1316 1213 im-

443 1229 686 1299 prudens
726 1233 819 1302 qui
848 1233 1009 1288 iterat
1034 1233 1317 1287 stultitiam

442 1318 611 1358 suam.
637 1305 663 1335 Τ
689 1307 855 1360 Fiunt
894 1305 1187 1361 novissima
1225 1307 1317 1361 ho·

443 1376 622 1432 minis.
648 1379 769 1433 Lac.
808 1398 829 1433 1
846 1399 890 1433 1.
916 1383 1075 1434 Prov.
1112 1382 1201 1435 26.

742 1455 932 1506 Luca-10
959 1471 1030 1507 rx.

356 1585 362 1594 ⁸
442 1482 698 1575 Dici-r:
724 1525 982 1579 Revertar
1000 1525 1061 1579 in
1087 1523 1316 1578 domum

440 1610 617 1649 meam
652 1597 797 1652 unde
832 1597 983 1652 exivi.
1018 1598 1319 1652 Timendus

443 1675 521 1720 est
545 1667 642 1722 iste
666 1669 959 1724 versiculus
976 1711 990 1734 ,
1016 1686 1133 1724 non
1158 1687 1317 1743 expo·

444 1740 673 1795 nenduS.
710 1743 778 1796 Et
815 1743 941 1798 cum
974 1745 1209 1807 venerit,
1237 1743 1314 1797 in-

442 1813 589 1867 venit
620 1817 797 1886 scopis
833 1815 1146 1871 mundatam
1167 1857 1181 1878 ,
1210 1817 1318 1871 hoc

443 1891 521 1938 est
539 1927 553 1949 ,
582 1889 753 1957 gratia
776 1889 1108 1960 baptismatis
1134 1892 1164 1942 a
1188 1905 1314 1962 pec-

444 1959 687 2014 catorum
705 1961 830 2016 labe
852 1963 1161 2035 castigatam
1183 2002 1198 2026 ,
1225 1963 1318 2018 sed

442 2032 593 2085 nulla
606 2032 743 2087 boni
757 2036 935 2107 operis
948 2036 1212 2095 industria
1231 2052 1316 2090 cu·

444 2105 724 2159 mulatam.
786 2110 938 2163 Unde
986 2107 1131 2163 bene
1179 2112 1316 2163 Mat-

444 2176 616 2231 thaeus
646 2179 792 2233 hanc
817 2189 1124 2243 vacantem.
1152 2198 1316 2235 mun-

443 2248 624 2303 datam
646 2292 660 2313 ,
693 2259 851 2323 atque
876 2257 1121 2308 ornatam
1148 2254 1281 2309 dicit
1297 2278 1328 2315 ;.

444 2324 761 2379 mundatam
778 2328 807 2379 a
820 2326 959 2381 vitiis
970 2327 1208 2397 pristinis
1219 2345 1317 2400 per

344 2441 349 2445 .
439 2394 767 2467 baptismum
784 2407 1094 2461 ;vacantem
1111 2400 1314 2456 abonis

443 2468 648 2523 actibus
672 2486 772 2541 per
788 2472 1199 2542 negligentiam
1228 2490 1314 2527 or-

441 2544 626 2596 natam
650 2545 913 2600 simulatis
924 2546 1206 2602 virtutibus
1218 2563 1318 2619 per

442 2614 770 2685 hyp60risin.
801 2622 868 2671 Et
893 2626 1025 2673 tunc
1053 2621 1202 2673 vadit
1220 2660 1234 2683 ,
1263 2627 1318 2672 et

400 2729 406 2736 .
442 2689 663 2741 assumit
698 2698 901 2761 septem
941 2692 1070 2745 alios
1100 2692 1316 2763 spiritus

440 2761 729 2829 nequiores
750 2768 822 2825 se,
847 2771 900 2817 et
916 2763 1141 2833 ingressi
1159 2764 1312 2818 habi-

441 2839 561 2885 tant
578 2832 671 2887 ihi.
692 2836 795 2888 Per
810 2842 1011 2907 septem
1026 2838 1195 2891 malos
1215 2836 1314 2909 spi·

442 2906 575 2959 ritus
592 2947 607 2970 ‚
638 2906 883 2963 universa
902 2908 1026 2963 vitia
1047 2910 1307 2979 designat.

446 2982 865 3049 Quemcumque
896 2982 1043 3035 enim
1074 2990 1195 3051 post
1219 2981 1312 3036 ba-

439 3051 658 3121 ptisma,
674 3054 783 3107 sive
791 3055 1021 3126 pravitas
1037 3053 1310 3119 haeretica,

441 3140 537 3178 seu
581 3126 861 3181 mundina
887 3127 1152 3199 cupiditas
1177 3129 1312 3182 arri-

441 3199 622 3267 puerit
636 3240 650 3261 ,
668 3216 797 3253 mox
812 3202 1066 3254 omnium
1080 3209 1314 3273 proster-

441 3278 532 3324 net
540 3271 597 3324 in
606 3272 716 3326 ima
726 3274 1157 3329 vitiorum.Unde
1169 3277 1316 3328 recte

442 3345 728 3411 nequiores
769 3354 902 3400 tunc
938 3364 1064 3400 eum
1099 3347 1316 3419 spiritus

441 3416 765 3456 dimatant-30
806 3435 885 3453 noo
973 3436 1093 3467 qum
1109 3436 1220 3463 *nnn
1239 3434 1315 3477 §ss-

442 3474 557 3531 iam
576 3434 803 3531 habas}⁵
820 3436 927 3525 1113'
936 3438 1139 3541 {eptem
1162 3464 1310 3527 vina,

911 197 1162 242 bomch
1185 204 1367 242 ‘ri-:nna
1395 193 1826 248 commeamus.-

1385 300 1501 354 quae
1517 291 1721 353 septem
1739 281 2114 353 spiritualibus
2143 287 2266 336 'sunt
2329 303 2332 318 ·

1385 357 1655 411 contraria
1667 355 1974 426 virtutibuS,
1991 357 2091 411 sed
2101 365 2162 409 et
2172 372 2268 427 per

1384 430 1692 501 hypocrisin
1739 429 1882 498 ipsas
1930 445 1986 481 se
2035 430 2266 482 virtutes

1384 503 1584 557 habere
1609 502 1905 556 simulabit.
1926 504 1994 555 Et
2018 509 2156 554 sunt
2169 518 2264 554 no·

1383 577 1598 630 vissima
1630 574 1874 629 hominis
1905 572 2052 629 illius
2077 575 2267 645 pejora

1383 647 1673 720 prioribus,
1704 648 1898 702 Melius
1923 648 2133 720 quippe
2161 656 2268 703 erat

1387 724 1436 777 ei
1465 723 1606 776 viam
1645 721 1881 775 veritatis
1911 737 2029 774 non
2063 721 2266 789 cogno·

1385 812 1532 850 scere
1549 836 1564 858 ,
1595 796 1758 864 quam
1774 800 1901 865 post
1929 793 2266 864 agnitionem

1385 876 1676 923 retrorsum
1703 867 1965 922 converti.

1456 953 1519 1010 Py.
1548 943 1684 994 Cilm
1719 939 1874 994 fortis
1913 941 2160 993 armatus
2185 954 2267 990 cu-

1386 1015 1550 1068 stodit
1593 1014 1789 1068 atrium
1827 1029 2020 1074 suum,
2053 1012 2115 1064 in
2138 1026 2264 1081 pace

1386 1095 1508 1142 sunt
1526 1103 1588 1141 ea
1608 1103 1726 1156 quae
1743 1086 1989 1159 possidet
2008 1107 2022 1136 ε
2045 1084 2072 1112 “
2095 1086 2156 1137 Si
2184 1099 2261 1138 au-

1387 1167 1494 1216 tem
1523 1161 1718 1216 fortior
1738 1158 1928 1213 vicerit
1947 1173 2079 1212 eum
2101 1199 2116 1220 ‚
2145 1158 2259 1211 uni·

1386 1245 1537 1288 versa
1576 1249 1725 1287 arma
1763 1232 1884 1301 ejus
1927 1230 2180 1292 auferet,
2219 1237 2264 1283 et

1385 1307 1557 1379 spolia
1579 1307 1695 1375 ejus
1713 1303 2020 1360 distribuet.
2033 1305 2262 1374 szum·

1389 1379 1522 1450 quid
1557 1381 1777 1433 tolletur
1810 1381 1844 1432 a
1883 1376 2018 1431 forti
2049 1377 2260 1447 praeda‘?

1387 1452 1651 1522 Equidem
1684 1458 1738 1505 et
1758 1449 2043 1523 captivitas
2078 1452 2110 1503 a
2148 1449 2262 1502 forti

1387 1527 1622 1580 tolletur.
1642 1524 1669 1554 ³*
1687 1525 1761 1579 Si.
1795 1524 2003 1578 Gloria.
2031 1523 2157 1576 Luc.
2183 1542 2200 1577 ι
2217 1542 2254 1578 1.

1385 1601 1416 1654 Ι
1418 1619 1460 1654 s·
1499 1600 1534 1663 4
1573 1637 1588 1652 .
2330 1653 2332 1658 ,

1455 1619 1675 1742 Βεὲσεὶΐ.
1697 1683 1745 1740 εγ
1761 1670 1918 1732 Cum,
1940 1685 2101 1740 usque
2121 1668 2186 1721 ad
2199 1673 2252 1738 77.

1458 1748 1504 1813 γ’
1533 1741 1740 1798 Sacer-d.
1783 1745 1848 1796 In
1884 1741 1996 1796 hoc
2033 1741 2257 1811 cognovi
2330 1759 2332 1762 ·

1389 1817 1648 1886 quoniam
1667 1814 1880 1870 voluisti
1896 1831 1985 1868 me
2003 1833 2021 1876 ;
2037 1827 2106 1885 Rs.
2128 1815 2257 1878 Quo·
2329 1833 2332 1888 Ξ

1386 1891 1537 1944 niam
1571 1906 1685 1942 non
1719 1886 1980 1958 gaudebit
2005 1887 2256 1941 inimicus
2329 1889 2332 1960 j

1387 1979 1538 2018 meus
1565 1977 1725 2035 super
1749 1977 1855 2015 me.
1880 1963 1975 2013 Ps.
2007 1961 2104 2025 4ο.

1615 2038 1711 2091 AD
1737 2036 2036 2089 LAUDES.
2330 2098 2332 2103 Ι

1457 2108 1587 2161 Ant.
1626 2128 1674 2177 7.
1705 2124 1750 2161 a.
1783 2106 2003 2159 Nemini
2027 2104 2248 2159 manda·
2330 2156 2332 2165 ,

1385 2181 1460 2233 vit
1485 2184 1630 2235 Deus
1651 2179 1822 2251 impie
1848 2180 2012 2248 agere
2033 2215 2050 2241 ,
2082 2185 2138 2232 et
2169 2179 2250 2229 ne·
2329 2174 2332 2233 ἶ

1385 2254 1518 2307 mini
1532 2253 1681 2308 dedit
1699 2251 1936 2324 spatium
1969 2249 2250 2321 peccandi:

1385 2343 1500 2380 non
1533 2326 1680 2382 enim
1709 2324 2054 2395 concupiscit
2085 2322 2252 2377 multi·
2330 2352 2332 2357 ·

1386 2399 1632 2454 tudinem
1663 2397 1899 2453 filiorum
1928 2395 2249 2453 infidelium.
2330 2394 2332 2461 ᾖ

1385 2472 1536 2526 Εεοὶἰ.
1575 2474 1655 2526 15.
2330 2464 2332 2479 ¹

1455 2537 1584 2599 Ant.
1627 2546 1677 2597 8.
1713 2544 1777 2597 G.
1821 2543 1932 2607 Qui
1956 2543 2176 2612 jejunat
2203 2540 2250 2594 in

1383 2618 1618 2687 peccatis
1636 2616 1743 2672 suis
1760 2657 1774 2680 ,
1791 2616 2062 2669 etiterum
2077 2614 2252 2669 eadem

1386 2690 1616 2751 faciens,
1660 2688 1794 2759 quid
1827 2688 2052 2758 proficit
2082 2687 2249 2741 humi-

1385 2764 1568 2818 liando
1592 2766 1682 2815 se?
1701 2762 1854 2816 Ecoli.
1889 2762 1979 2826 54.

1456 2836 1586 2889 Ant.
1613 2854 1658 2889 1.
1686 2851 1730 2889 a.
1750 2838 1911 2889 Facta
1936 2839 2072 2888 sunt
2085 2841 2248 2906 poste·

1385 2909 1525 2967 riora
1545 2908 1811 2965 deteriora
1829 2905 2110 2979 prioribus
2127 2927 2140 2956 ε
2156 2906 2246 2958 me·
2330 2912 2332 2927 ¹

1384 2982 1488 3035 lius
1506 2983 1652 3035 enim
1669 2988 1786 3035 erat
1799 2997 1915 3034 non
1933 2980 2248 3049 cog-noscere

1383 3055 1523 3107 viam
1531 3054 1772 3124 justitiae,
1795 3056 1960 3125 quam
1973 3061 2104 3125 post
2117 3050 2248 3121 agni·

1384 3128 1589 3181 tionem
1641 3136 1940 3181 retrorsum
1993 3123 2241 3181 converti.

1387 3217 1416 3254 2
1443 3204 1589 3254 Petr.
1619 3218 1669 3255 2.

1456 3273 1585 3328 Ant.
1605 3275 1653 3337 4.
1675 3272 1728 3327 d.
1753 3274 1830 3325 Ne
1843 3270 1964 3341 quis
1984 3269 2124 3325 desit
2139 3270 2243 3338 gra-

1388 3346 1469 3399 tiae
1508 3347 1641 3409 Dei,
1679 3344 1944 3415 profanus
1983 3349 2046 3396 ut
2078 3345 2240 3396 Esau:
2329 3352 2332 3357 ·

1383 3419 1634 3529 &³543ssae
1674 3416 2243 3507 *aersflt’sismaesss
