2392 4050
453 187 516 238 7²

452 265 686 336 antiquae
701 305 718 328 ,
737 265 999 327 Domine,
1019 265 1045 292 ¹*
1065 265 1203 319 sicut
1213 266 1303 334 ju-

449 341 575 396 rasti
601 338 774 394 David
797 339 855 392 in
878 339 1097 392 veritate
1117 339 1243 392 tua?

521 415 733 466 Memor
749 419 894 473 esto,
917 413 1186 473 Domine,
1215 425 1304 481 op-

448 483 658 558 probrii
693 486 967 538 servorum
1008 484 1304 546 tuorum‚*

451 558 600 628 quod
633 557 924 611 continui
909 575 970 612 m
1001 559 1124 612 sinu
1147 573 1301 620 meo,

450 632 742 686 multilrum
767 632 1042 700 gentiunn

526 705 690 770 Quod
719 704 1177 776 exprobraverunt
1212 702 1306 756 ini-

449 777 582 831 mici
624 777 732 841 tui,
785 779 1050 839 Domine,
1083 777 1107 803 ⁴*
1153 777 1308 845 quod

453 847 911 920 exprobraverunt
930 850 1304 904 commutatio-

449 940 577 977 nem
601 923 796 976 Christi
819 923 913 976 tui.

521 997 846 1052 Benedictus
917 995 1187 1049 Dominus
1245 995 1305 1048 in

453 1075 746 1124 aeternum:
770 1069 793 1096 ¹*
811 1068 906 1122 fiat
921 1109 934 1130 ‚
961 1067 1071 1122 fiat.

631 1269 736 1320 AD
787 1267 1116 1320 LAUDES.

509 1376 534 1408 ι
709 1359 940 1410 Psamus
957 1357 1044 1414 80.

451 1375 774 1485 Eunu-ru
787 1433 902 1482 Deo
929 1430 1164 1500 adjutori
1183 1447 1307 1484 nos·

453 1510 536 1556 tro
552 1525 565 1554 z
591 1502 617 1529 ⁴*
636 1501 866 1570 jubilate
883 1505 1000 1556 Deo
1017 1501 1205 1558 Jacob.

521 1575 734 1628 sumite
763 1575 1031 1646 psalmum
1053 1617 1068 1638 ,
1105 1584 1160 1629 et
1185 1577 1307 1632 date

453 1655 769 1719 tympanum
786 1687 802 1710 ,
824 1647 852 1674 ¹*
880 1649 1190 1718 psalterium
1214 1651 1305 1719 ju-

453 1721 694 1776 cundum
719 1734 844 1772 cum
873 1719 1092 1776 cithara.

524 1794 818 1849 Buccinate
887 1793 946 1847 in
1011 1796 1306 1849 Neomenia

639 1866 1052 1892 ......

451 1941 632 1995 nitatis
655 1947 868 1999 vestraez

525 2012 668 2079 Quia
693 2019 1023 2083 praeceptum
1053 2014 1112 2067 in
1142 2015 1303 2069 Israel

452 2086 595 2148 θεὴ*
619 2092 674 2139 et
686 2085 956 2154 judicium
977 2089 1096 2139 Deo
1111 2086 1299 2141 Jacob.

526 2158 726 2211 Testim
732 2158 951 2211 onium·
934 2176 992 2211 m
1000 2158 1201 2229 Joseph
1214 2162 1307 2231 po·

449 2231 556 2284 suit
572 2231 741 2293 illud,
763 2232 888 2283 oum
903 2230 1068 2285 exiret
1085 2233 1154 2287 de
1167 2239 1307 2286 terra

448 2304 684 2375 AEgypti.
704 2304 989 2372 *linguam
1004 2320 1168 2375 quam
1187 2321 1305 2360 non

450 2378 701 2439 noverat,
727 2376 946 2431 audivit.

523 2450 751 2506 Divertit
783 2449 850 2504 ab
889 2449 1146 2505 oneribus
1178 2453 1303 2507 dor-

449 2540 568 2577 sum
611 2525 762 2593 ejus:
794 2524 822 2551 ¹*
853 2540 1050 2579 manus
1089 2526 1209 2595 ejus
1246 2527 1303 2579 in

451 2595 690 2667 cophino
715 2597 1021 2651 servierunt.

525 2672 590 2721 In
649 2668 998 2724 tribulatione
1044 2671 1304 2724 invocasti

449 2756 569 2803 me,
589 2746 645 2793 et
668 2740 887 2794 liberavi
911 2750 995 2795 te.
1011 2742 1305 2798 *exaudivi

415 2814 419 2821 '
448 2819 499 2865 te
523 2814 582 2865 in
605 2812 918 2867 abscondito
937 2817 1299 2885 tempestatis·

445 2884 670 2955 probavi
693 2893 744 2939 te
772 2887 917 2958 apud
941 2903 1138 2957 aquam
1169 2904 1299 2942 oon-

447 2957 798 3015 tradictionis.

520 3029 690 3093 Audi,
735 3032 970 3102 populus
1009 3048 1163 3087 meus
1177 3072 1192 3095 ‚
1248 3041 1305 3089 et

441 3103 788 3159 contestabor
801 3112 877 3159 te·
864 3144 878 3157 .
891 3106 1094 3159 *Israel
1109 3146 1125 3168 ,
1145 3106 1192 3160 si
1212 3124 1299 3161 au·

443 3174 605 3230 dieris
621 3192 712 3231 me
725 3217 740 3239 ‚
761 3194 877 3231 non
900 3180 1003 3233 erit
1018 3178 1076 3231 in
1097 3186 1148 3233 te
1165 3181 1301 3235 deus

440 3265 630 3303 recens
641 3290 656 3311 ‚
675 3266 854 3321 neque
867 3251 1118 3307 adorabis
1133 3254 1297 3308 deum

439 3322 694 3377 alienum.

515 3398 628 3466 Ego
674 3396 824 3449 enim
866 3412 983 3449 sum
1025 3397 1301 3452 Dominus

438 3471 584 3523 Deus
617 3477 768 3532 tuus,
806 3470 902 3539 qui
937 3469 1096 3525 eduxi
1132 3478 1186 3527 te
1226 3473 1295 3529 de

663 3720 692 3733 Χ

1005 183 1152 222 rma
1177 180 1367 226 Qmwu
1389 180 1453 216 Ab
1478 175 1675 216 munis.

1376 270 1516 318 terra
1526 257 1761 330 AEgypti.
1746 257 1792 294 ·*
1801 257 2037 314 dilatans
2052 266 2229 313 tuum
2244 298 2265 320 ,

1376 344 1429 392 et
1446 333 1689 404 implebo
1712 331 1865 386 illud.

1447 411 1517 462 Et
1574 421 1690 458 non
1752 402 1954 458 audivit
2001 404 2275 476 populus

1375 498 1527 534 meus
1542 494 1730 532 vocem
1742 493 1921 532 meam
1934 499 1953 538 ι
1964 477 2061 532 *et
2076 478 2269 531 Israel

1378 571 1489 610 non
1508 551 1745 608 intendit
1762 550 1917 606 mihi.

1450 631 1519 682 Et
1532 623 1714 680 dimisi
1728 641 1819 678 eos
1828 621 2137 678 secundum
2157 622 2266 677 de-

1377 701 1567 756 sideria
1592 698 1773 753 cordis
1790 699 2011 750 eorum.
2034 695 2061 722 ¹*
2078 694 2267 750 ibunt

1378 775 1435 828 in
1463 769 1937 826 adinventionibus
1958 769 2087 823 suis.

1450 847 1507 900 Si
1542 845 1776 916 populus
1806 860 1963 898 meus
2004 841 2263 896 audisset

1377 935 1495 980 me·
1517 918 1739 972 *lsrael
1774 917 1821 972 si
1864 917 1927 972 in
1962 916 2065 970 viis
2104 915 2259 968 meis

1378 991 1729 1051 ambulasset·

1450 1068 1557 1120 Pro
1584 1061 1761 1118 m'hilo
1800 1061 2027 1116 forsitan
2062 1060 2255 1114 inimi-

1263 1191 1303 1212 „
1379 1154 1470 1191 cos
1502 1139 1691 1191 corum
1720 1135 2123 1196 humiliassem,
2141 1134 2169 1163 ¹*
2192 1142 2259 1188 et

1378 1227 1539 1282 super
1576 1209 1893 1264 tfibulanoes
1930 1225 2025 1264 eos
2064 1207 2249 1262 misis-

1379 1301 1491 1338 sem
1515 1300 1741 1340 manum
1764 1298 1963 1336 meam.

1450 1357 1663 1412 Inimici
1727 1354 1962 1410 Domini
2024 1352 2253 1408 mentiti

1378 1439 1503 1484 sunt
1525 1428 1609 1491 eh
1631 1430 1657 1457 ¹*
1684 1435 1737 1482 et
1766 1429 1869 1484 erit
1902 1435 2119 1498 tempus
2150 1428 2249 1482 eo-

1380 1520 1503 1557 rum
1526 1504 1587 1558 in
1612 1502 1807 1557 secula.

1451 1580 1519 1630 Et
1560 1575 1757 1630 cibavit
1799 1589 1893 1628 eos
1952 1590 2017 1628 ex
2080 1573 2249 1642 adipe

1380 1648 1643 1704 frumenti
1654 1672 1671 1710 3
1683 1649 1709 1676 ⁴*
1718 1656 1777 1703 et
1792 1647 1861 1703 de
1878 1653 2031 1720 petra
2043 1686 2060 1709 ,
2077 1647 2247 1702 melle

1379 1725 1633 1778 saturavit
1654 1737 1764 1776 eos

1619 1798 1851 1848 Psauus
1874 1812 1995 1863 ¹⁰7·

1379 1831 1651 1922 Pana-run
1679 1883 1780 1922 cor
1808 1867 2241 1929 meum‚1)eus.

1376 1943 1621 2012 paratum
1668 1957 1765 1994 cor
1804 1955 2021 1994 meum=
2045 1938 2245 1992 can-

1379 2014 1507 2070 tabo
1522 2023 1578 2069 et
1588 2015 1842 2085 psallam
1824 2033 1883 2067 in
1902 2012 2079 2084 gloria
2094 2029 2237 2067 mea.

1426 2092 1657 2158 Exurge,
1668 2088 1997 2157 gloriameaz
2009 2102 2238 2155 exurge,

1376 2162 1687 2232 psalterium
1716 2167 1770 2214 et
1792 2160 1999 2215 cithara
2012 2182 2027 2211 ε
2042 2160 2068 2185 “
2082 2176 2243 2214 exur-

1375 2251 1497 2304 gam
1528 2235 1789 2289 diluculo·

1450 2307 1761 2361 confitebor
1782 2305 1881 2360 tibi
1908 2305 1969 2357 in
1986 2305 2239 2377 populis,

1380 2382 1635 2443 Domine,
1668 2380 1694 2408 ¹*
1718 2388 1775 2435 et
1794 2379 2017 2452 psallam
2047 2377 2153 2433 tibi
2181 2379 2245 2431 in

1376 2453 1719 2514 nationibus3

1450 2527 1593 2591 Quia
1617 2538 1813 2595 magna
1838 2531 1918 2578 est
1946 2538 2109 2593 super
2135 2539 2243 2576 coe-

1376 2599 1456 2651 los
1481 2599 1850 2653 misericordia
1874 2605 1999 2659 tua,
2020 2596 2046 2624 ¹*
2064 2602 2125 2649 et
2147 2612 2241 2651 us-

1374 2688 1481 2742 que
1506 2672 1574 2725 ad
1598 2670 1776 2725 nubes
1792 2672 1983 2725 veritas
2004 2678 2123 2723 tua.

1428 2747 1838 2816 ExaltAresuper
1846 2742 2241 2806 coeloS,Dens,*

1375 2825 1428 2870 et
1438 2834 1599 2889 super
1611 2834 1831 2871 omnem
1849 2824 2045 2871 terram
2060 2816 2238 2886 gloria

1376 2898 1491 2951 ωας

1445 2966 1515 3015 Ut
1542 2962 1839 3017 liberentur
1860 2961 2049 3015 dilecti
2074 2961 2159 3014 tui
2173 2983 2188 3013 ε
2210 2961 2239 2989 '¹

1372 3036 1575 3089 salvum
1621 3035 1711 3088 fae
1746 3037 1961 3091 dextera
2008 3037 2103 3089 tua
2119 3073 2136 3097 ,
2179 3041 2237 3088 et

1370 3108 1561 3162 exaudi
1584 3124 1693 3162 me.

1512 3181 1715 3234 Divisio
1738 3183 1929 3234 Psaun
1962 3198 2085 3249 1⁰7·

1372 3215 1549 3307 Deus
1588 3255 1801 3309 locutus
1834 3260 1915 3307 est
1944 3254 2007 3306 in
2044 3261 2235 3306 sancto

1372 3342 1499 3379 suos
1521 3327 1546 3353 ⁴*
1578 3326 1857 3389 exultabo,
1900 3334 1955 3379 et
1992 3324 2233 3381 dividam

1370 3398 1664 3453 Sichimam
1680 3440 1697 3461 ‚
1728 3406 1785 3453 et
1816 3400 2125 3453 convallem
2155 3406 2233 3453 ta-

1368 3471 1791 3527 bernaculorum
1810 3472 2083 3527 dimetiar.
