<?xml version="1.0" encoding="UTF-8"?>
<!DOCTYPE html PUBLIC "-//W3C//DTD XHTML 1.0 Transitional//EN"
    "http://www.w3.org/TR/xhtml1/DTD/xhtml1-transitional.dtd">
<html xmlns="http://www.w3.org/1999/xhtml" xml:lang="en" lang="en">
 <head>
  <title>
</title>
<meta http-equiv="Content-Type" content="text/html;charset=utf-8" />
  <meta name='ocr-system' content='tesseract 3.04.00' />
  <meta name='ocr-capabilities' content='ocr_page ocr_carea ocr_par ocr_line ocrx_word'/>
</head>
<body>
  <div class='ocr_page' id='page_1' title='image "./breviariumparis00unkngoog_0043.png"; bbox 0 0 2392 4050; ppageno 0'>
   <div class='ocr_carea' id='block_1_1' title="bbox 407 206 470 256">
    <p class='ocr_par' dir='ltr' id='par_1_1' title="bbox 407 206 470 256">
     <span class='ocr_line' id='line_1_1' title="bbox 407 206 470 256; baseline -0.016 0"><span class='ocrx_word' id='word_1_1' title='bbox 407 206 470 256; x_wconf 84' lang='lat'><strong>16</strong></span> 
     </span>
    </p>
   </div>
   <div class='ocr_carea' id='block_1_2' title="bbox 395 296 1257 1341">
    <p class='ocr_par' dir='ltr' id='par_1_2' title="bbox 399 296 1257 414">
     <span class='ocr_line' id='line_1_2' title="bbox 399 296 1257 369; baseline 0.001 -22"><span class='ocrx_word' id='word_1_2' title='bbox 399 314 466 347; x_wconf 90' lang='lat' dir='ltr'><strong>na</strong></span> <span class='ocrx_word' id='word_1_3' title='bbox 483 305 534 347; x_wconf 87' lang='lat' dir='ltr'><strong>et</strong></span> <span class='ocrx_word' id='word_1_4' title='bbox 553 296 812 363; x_wconf 81' lang='lat' dir='ltr'><strong>Oratione;</strong></span> <span class='ocrx_word' id='word_1_5' title='bbox 831 302 1002 349; x_wconf 86' lang='lat' dir='ltr'><strong>omnia</strong></span> <span class='ocrx_word' id='word_1_6' title='bbox 1020 314 1109 367; x_wconf 89' lang='lat' dir='ltr'><strong>pro</strong></span> <span class='ocrx_word' id='word_1_7' title='bbox 1127 314 1257 369; x_wconf 83' lang='lat' dir='ltr'><strong>qua-</strong></span> 
     </span>
     <span class='ocr_line' id='line_1_3' title="bbox 399 361 756 414; baseline 0.003 -2"><span class='ocrx_word' id='word_1_8' title='bbox 399 363 543 413; x_wconf 80' lang='lat' dir='ltr'><strong>litate</strong></span> <span class='ocrx_word' id='word_1_9' title='bbox 570 361 756 414; x_wconf 84' lang='lat' dir='ltr'><strong>Officii.</strong></span> 
     </span>
    </p>

    <p class='ocr_par' dir='ltr' id='par_1_3' title="bbox 395 426 1257 1132">
     <span class='ocr_line' id='line_1_4' title="bbox 467 426 1256 500; baseline 0 -23"><span class='ocrx_word' id='word_1_10' title='bbox 467 443 525 493; x_wconf 87' lang='lat'><strong>9¹</strong></span> <span class='ocrx_word' id='word_1_11' title='bbox 538 464 551 477; x_wconf 90' lang='lat'><strong>.</strong></span> <span class='ocrx_word' id='word_1_12' title='bbox 580 428 750 479; x_wconf 83' lang='lat' dir='ltr'><strong>Preces</strong></span> <span class='ocrx_word' id='word_1_13' title='bbox 765 467 779 492; x_wconf 93' lang='lat'>,</span> <span class='ocrx_word' id='word_1_14' title='bbox 803 429 1004 500; x_wconf 87' lang='lat' dir='ltr'><strong>quando</strong></span> <span class='ocrx_word' id='word_1_15' title='bbox 1030 426 1256 479; x_wconf 78' lang='lat' dir='ltr'><strong>dicendae</strong></span> 
     </span>
     <span class='ocr_line' id='line_1_5' title="bbox 399 493 1257 565; baseline 0.001 -23"><span class='ocrx_word' id='word_1_16' title='bbox 399 502 519 543; x_wconf 87' lang='lat' dir='ltr'><strong>sunt</strong></span> <span class='ocrx_word' id='word_1_17' title='bbox 532 530 548 556; x_wconf 88' lang='lat'>‚</span> <span class='ocrx_word' id='word_1_18' title='bbox 581 493 822 545; x_wconf 87' lang='lat' dir='ltr'><strong>dicuntur</strong></span> <span class='ocrx_word' id='word_1_19' title='bbox 851 504 963 565; x_wconf 89' lang='lat' dir='ltr'><strong>post</strong></span> <span class='ocrx_word' id='word_1_20' title='bbox 992 494 1257 562; x_wconf 83' lang='lat' dir='ltr'><strong>Antipho-</strong></span> 
     </span>
     <span class='ocr_line' id='line_1_6' title="bbox 397 558 1256 612; baseline 0.001 -4"><span class='ocrx_word' id='word_1_21' title='bbox 397 576 517 608; x_wconf 90' lang='lat' dir='ltr'><strong>nam</strong></span> <span class='ocrx_word' id='word_1_22' title='bbox 557 558 621 609; x_wconf 91' lang='lat' dir='ltr'><strong>ad</strong></span> <span class='ocrx_word' id='word_1_23' title='bbox 662 562 977 612; x_wconf 74' lang='lat' dir='ltr'><strong><em>Benedictus.</em></strong></span> <span class='ocrx_word' id='word_1_24' title='bbox 1024 559 1256 610; x_wconf 82' lang='lat' dir='ltr'><strong>Orationi</strong></span> 
     </span>
     <span class='ocr_line' id='line_1_7' title="bbox 395 627 1257 693; baseline 0.002 -20"><span class='ocrx_word' id='word_1_25' title='bbox 395 628 727 693; x_wconf 68' lang='lat' dir='ltr'><strong>praemittitur</strong></span> <span class='ocrx_word' id='word_1_26' title='bbox 786 627 1026 676; x_wconf 76' lang='lat' dir='ltr'><strong>Dominus</strong></span> <span class='ocrx_word' id='word_1_27' title='bbox 1087 628 1257 675; x_wconf 77' lang='lat' dir='ltr'><strong>vobis-</strong></span> 
     </span>
     <span class='ocr_line' id='line_1_8' title="bbox 397 691 1257 753; baseline 0.001 -14"><span class='ocrx_word' id='word_1_28' title='bbox 397 707 533 753; x_wconf 79' lang='lat' dir='ltr'><strong>cum,</strong></span> <span class='ocrx_word' id='word_1_29' title='bbox 572 691 656 742; x_wconf 85' lang='lat' dir='ltr'><strong>vel</strong></span> <span class='ocrx_word' id='word_1_30' title='bbox 699 692 904 740; x_wconf 80' lang='lat' dir='ltr'><strong><em>Domine</em></strong></span> <span class='ocrx_word' id='word_1_31' title='bbox 943 693 1168 749; x_wconf 66' lang='lat' dir='ltr'><strong>exaudi,</strong></span> <span class='ocrx_word' id='word_1_32' title='bbox 1204 699 1257 741; x_wconf 89' lang='lat' dir='ltr'><strong>et</strong></span> 
     </span>
     <span class='ocr_line' id='line_1_9' title="bbox 405 754 1256 823; baseline 0.004 -21"><span class='ocrx_word' id='word_1_33' title='bbox 405 755 625 805; x_wconf 79' lang='lat' dir='ltr'><strong>Oremus.</strong></span> <span class='ocrx_word' id='word_1_34' title='bbox 663 756 779 805; x_wconf 91' lang='lat' dir='ltr'><strong>Post</strong></span> <span class='ocrx_word' id='word_1_35' title='bbox 798 754 1089 806; x_wconf 82' lang='lat' dir='ltr'><strong>Orationem</strong></span> <span class='ocrx_word' id='word_1_36' title='bbox 1107 771 1256 823; x_wconf 89' lang='lat' dir='ltr'><strong>repe—</strong></span> 
     </span>
     <span class='ocr_line' id='line_1_10' title="bbox 400 819 1257 881; baseline 0.001 -13"><span class='ocrx_word' id='word_1_37' title='bbox 400 821 526 869; x_wconf 86' lang='lat' dir='ltr'><strong>titur</strong></span> <span class='ocrx_word' id='word_1_38' title='bbox 559 823 798 871; x_wconf 77' lang='lat' dir='ltr'><strong>Dominus</strong></span> <span class='ocrx_word' id='word_1_39' title='bbox 821 824 1084 881; x_wconf 75' lang='lat' dir='ltr'><strong>vobiscum,</strong></span> <span class='ocrx_word' id='word_1_40' title='bbox 1106 819 1257 871; x_wconf 87' lang='lat' dir='ltr'><strong>dein-</strong></span> 
     </span>
     <span class='ocr_line' id='line_1_11' title="bbox 400 882 1257 947; baseline 0.004 -14"><span class='ocrx_word' id='word_1_41' title='bbox 400 882 462 935; x_wconf 86' lang='lat' dir='ltr'><strong>de</strong></span> <span class='ocrx_word' id='word_1_42' title='bbox 480 884 667 935; x_wconf 86' lang='lat' dir='ltr'><strong>dicitur</strong></span> <span class='ocrx_word' id='word_1_43' title='bbox 686 888 1056 947; x_wconf 75' lang='lat' dir='ltr'><strong>Benedieamus,</strong></span> <span class='ocrx_word' id='word_1_44' title='bbox 1071 895 1123 936; x_wconf 92' lang='lat' dir='ltr'><strong>et</strong></span> <span class='ocrx_word' id='word_1_45' title='bbox 1140 886 1257 936; x_wconf 90' lang='lat' dir='ltr'><strong>sub-</strong></span> 
     </span>
     <span class='ocr_line' id='line_1_12' title="bbox 401 950 1257 1001; baseline 0.002 -2"><span class='ocrx_word' id='word_1_46' title='bbox 401 952 548 1001; x_wconf 73' lang='lat' dir='ltr'><strong>misse</strong></span> <span class='ocrx_word' id='word_1_47' title='bbox 568 950 856 1001; x_wconf 86' lang='lat' dir='ltr'><strong>Versiculus</strong></span> <span class='ocrx_word' id='word_1_48' title='bbox 876 953 1120 1001; x_wconf 81' lang='lat' dir='ltr'><strong>Fidelium</strong></span> <span class='ocrx_word' id='word_1_49' title='bbox 1135 956 1257 1001; x_wconf 81' lang='lat' dir='ltr'><strong>ani-</strong></span> 
     </span>
     <span class='ocr_line' id='line_1_13' title="bbox 399 1016 1254 1078; baseline 0 -11"><span class='ocrx_word' id='word_1_50' title='bbox 399 1033 513 1078; x_wconf 79' lang='lat' dir='ltr'><strong>moe5</strong></span> <span class='ocrx_word' id='word_1_51' title='bbox 548 1016 752 1067; x_wconf 83' lang='lat' dir='ltr'><strong>tandem</strong></span> <span class='ocrx_word' id='word_1_52' title='bbox 787 1018 936 1065; x_wconf 79' lang='lat' dir='ltr'><strong>Pater</strong></span> <span class='ocrx_word' id='word_1_53' title='bbox 966 1024 1146 1077; x_wconf 80' lang='lat' dir='ltr'><strong>noster,</strong></span> <span class='ocrx_word' id='word_1_54' title='bbox 1168 1033 1254 1067; x_wconf 89' lang='lat' dir='ltr'><strong>se-</strong></span> 
     </span>
     <span class='ocr_line' id='line_1_14' title="bbox 400 1082 552 1132; baseline 0.013 -3"><span class='ocrx_word' id='word_1_55' title='bbox 400 1082 552 1132; x_wconf 79' lang='lat' dir='ltr'><strong>creto.</strong></span> 
     </span>
    </p>

    <p class='ocr_par' dir='ltr' id='par_1_4' title="bbox 399 1148 1257 1341">
     <span class='ocr_line' id='line_1_15' title="bbox 474 1148 1255 1211; baseline 0.001 -14"><span class='ocrx_word' id='word_1_56' title='bbox 474 1162 559 1211; x_wconf 75' lang='lat'><strong>9¹1.</strong></span> <span class='ocrx_word' id='word_1_57' title='bbox 613 1148 1116 1198; x_wconf 84' lang='lat' dir='ltr'><strong>Commemorationes</strong></span> <span class='ocrx_word' id='word_1_58' title='bbox 1142 1184 1156 1209; x_wconf 91' lang='lat'><em>,</em></span> <span class='ocrx_word' id='word_1_59' title='bbox 1211 1152 1255 1198; x_wconf 89' lang='lat' dir='ltr'><strong>si</strong></span> 
     </span>
     <span class='ocr_line' id='line_1_16' title="bbox 399 1212 1257 1280; baseline 0.002 -19"><span class='ocrx_word' id='word_1_60' title='bbox 399 1228 512 1280; x_wconf 82' lang='lat' dir='ltr'><strong>quae</strong></span> <span class='ocrx_word' id='word_1_61' title='bbox 545 1217 650 1264; x_wconf 85' lang='lat' dir='ltr'><strong>sint</strong></span> <span class='ocrx_word' id='word_1_62' title='bbox 687 1213 926 1263; x_wconf 82' lang='lat' dir='ltr'><strong>faciendae</strong></span> <span class='ocrx_word' id='word_1_63' title='bbox 943 1248 957 1273; x_wconf 91' lang='lat'><strong>,</strong></span> <span class='ocrx_word' id='word_1_64' title='bbox 994 1212 1126 1262; x_wconf 85' lang='lat' dir='ltr'><strong>fiunt</strong></span> <span class='ocrx_word' id='word_1_65' title='bbox 1159 1212 1257 1263; x_wconf 88' lang='lat' dir='ltr'><strong>hoc</strong></span> 
     </span>
     <span class='ocr_line' id='line_1_17' title="bbox 399 1277 1253 1341; baseline 0.001 -15"><span class='ocrx_word' id='word_1_66' title='bbox 399 1278 546 1328; x_wconf 88' lang='lat' dir='ltr'><strong>modo</strong></span> <span class='ocrx_word' id='word_1_67' title='bbox 588 1298 599 1328; x_wconf 92' lang='lat'><strong>:</strong></span> <span class='ocrx_word' id='word_1_68' title='bbox 645 1280 762 1329; x_wconf 85' lang='lat' dir='ltr'><strong>Post</strong></span> <span class='ocrx_word' id='word_1_69' title='bbox 793 1277 1082 1328; x_wconf 84' lang='lat' dir='ltr'><strong>Orationem</strong></span> <span class='ocrx_word' id='word_1_70' title='bbox 1115 1277 1253 1341; x_wconf 82' lang='lat' dir='ltr'><strong>diei,</strong></span> 
     </span>
    </p>
   </div>
   <div class='ocr_carea' id='block_1_3' title="bbox 399 1346 1263 1411">
    <p class='ocr_par' dir='ltr' id='par_1_5' title="bbox 399 1346 1263 1411">
     <span class='ocr_line' id='line_1_18' title="bbox 399 1346 1263 1411; baseline 0.001 -18"><span class='ocrx_word' id='word_1_71' title='bbox 399 1348 663 1411; x_wconf 80' lang='lat' dir='ltr'><strong>praemissis</strong></span> <span class='ocrx_word' id='word_1_72' title='bbox 701 1346 941 1395; x_wconf 79' lang='lat' dir='ltr'><strong>Dominus</strong></span> <span class='ocrx_word' id='word_1_73' title='bbox 980 1346 1224 1393; x_wconf 71' lang='lat' dir='ltr'><strong>vobiscum</strong></span> <span class='ocrx_word' id='word_1_74' title='bbox 1233 1382 1263 1405; x_wconf 78' lang='lat'><strong>,.</strong></span> 
     </span>
    </p>
   </div>
   <div class='ocr_carea' id='block_1_4' title="bbox 399 1410 1263 3564">
    <p class='ocr_par' dir='ltr' id='par_1_6' title="bbox 399 1410 1259 2127">
     <span class='ocr_line' id='line_1_19' title="bbox 399 1410 1253 1469; baseline -0.001 -11"><span class='ocrx_word' id='word_1_75' title='bbox 399 1410 483 1459; x_wconf 83' lang='lat' dir='ltr'><strong>vel</strong></span> <span class='ocrx_word' id='word_1_76' title='bbox 511 1413 718 1460; x_wconf 75' lang='lat' dir='ltr'><strong>Domine</strong></span> <span class='ocrx_word' id='word_1_77' title='bbox 745 1410 935 1459; x_wconf 66' lang='lat' dir='ltr'><strong>exaudi</strong></span> <span class='ocrx_word' id='word_1_78' title='bbox 961 1411 1253 1469; x_wconf 74' lang='lat' dir='ltr'><strong>orationem,</strong></span> 
     </span>
     <span class='ocr_line' id='line_1_20' title="bbox 401 1471 1257 1532; baseline -0.001 -7"><span class='ocrx_word' id='word_1_79' title='bbox 401 1483 452 1525; x_wconf 88' lang='lat' dir='ltr'><strong>et</strong></span> <span class='ocrx_word' id='word_1_80' title='bbox 466 1477 817 1525; x_wconf 80' lang='lat' dir='ltr'><strong>Benedicamus</strong></span> <span class='ocrx_word' id='word_1_81' title='bbox 828 1474 1055 1532; x_wconf 80' lang='lat' dir='ltr'><strong>Domino,</strong></span> <span class='ocrx_word' id='word_1_82' title='bbox 1068 1471 1257 1524; x_wconf 86' lang='lat' dir='ltr'><strong>dicitur</strong></span> 
     </span>
     <span class='ocr_line' id='line_1_21' title="bbox 401 1539 1258 1617; baseline -0.001 -28"><span class='ocrx_word' id='word_1_83' title='bbox 401 1539 696 1607; x_wconf 83' lang='lat' dir='ltr'><strong>Antiphona</strong></span> <span class='ocrx_word' id='word_1_84' title='bbox 733 1554 848 1617; x_wconf 75' lang='lat' dir='ltr'><strong>quae</strong></span> <span class='ocrx_word' id='word_1_85' title='bbox 949 1541 1045 1586; x_wconf 83' lang='lat' dir='ltr'><strong>sita</strong></span> <span class='ocrx_word' id='word_1_86' title='bbox 1077 1547 1150 1588; x_wconf 87' lang='lat' dir='ltr'><strong>est</strong></span> <span class='ocrx_word' id='word_1_87' title='bbox 1192 1539 1258 1589; x_wconf 89' lang='lat' dir='ltr'><strong>ad</strong></span> 
     </span>
     <span class='ocr_line' id='line_1_22' title="bbox 401 1554 1257 1672; baseline 0 -18"><span class='ocrx_word' id='word_1_88' title='bbox 401 1607 717 1664; x_wconf 75' lang='lat' dir='ltr'><strong>Benedictus,</strong></span> <span class='ocrx_word' id='word_1_89' title='bbox 756 1620 816 1653; x_wconf 85' lang='lat'><strong>111</strong></span> <span class='ocrx_word' id='word_1_90' title='bbox 856 1554 1034 1653; x_wconf 48' lang='lat' dir='ltr'><strong>(silicio</strong></span> <span class='ocrx_word' id='word_1_91' title='bbox 1065 1602 1127 1652; x_wconf 94' lang='lat' dir='ltr'><strong>de</strong></span> <span class='ocrx_word' id='word_1_92' title='bbox 1155 1621 1257 1672; x_wconf 91' lang='lat' dir='ltr'><strong>quo</strong></span> 
     </span>
     <span class='ocr_line' id='line_1_23' title="bbox 401 1669 1257 1730; baseline 0.002 -12"><span class='ocrx_word' id='word_1_93' title='bbox 401 1669 462 1719; x_wconf 87' lang='lat' dir='ltr'><strong>fit</strong></span> <span class='ocrx_word' id='word_1_94' title='bbox 479 1669 909 1730; x_wconf 79' lang='lat' dir='ltr'><strong>CommemoratiO,</strong></span> <span class='ocrx_word' id='word_1_95' title='bbox 927 1672 1032 1720; x_wconf 87' lang='lat' dir='ltr'><strong>sive</strong></span> <span class='ocrx_word' id='word_1_96' title='bbox 1049 1671 1106 1717; x_wconf 89' lang='lat' dir='ltr'><strong>in</strong></span> <span class='ocrx_word' id='word_1_97' title='bbox 1131 1670 1257 1720; x_wconf 86' lang='lat' dir='ltr'><strong>Pro-</strong></span> 
     </span>
     <span class='ocr_line' id='line_1_24' title="bbox 401 1733 1257 1802; baseline 0.001 -18"><span class='ocrx_word' id='word_1_98' title='bbox 401 1738 510 1802; x_wconf 88' lang='lat' dir='ltr'><strong>prio</strong></span> <span class='ocrx_word' id='word_1_99' title='bbox 537 1743 702 1798; x_wconf 72' lang='lat' dir='ltr'><strong>extet,</strong></span> <span class='ocrx_word' id='word_1_100' title='bbox 742 1738 848 1786; x_wconf 83' lang='lat' dir='ltr'><strong>sive</strong></span> <span class='ocrx_word' id='word_1_101' title='bbox 888 1733 950 1783; x_wconf 90' lang='lat' dir='ltr'><strong>de</strong></span> <span class='ocrx_word' id='word_1_102' title='bbox 991 1733 1257 1785; x_wconf 82' lang='lat' dir='ltr'><strong>Communi</strong></span> 
     </span>
     <span class='ocr_line' id='line_1_25' title="bbox 401 1798 1259 1869; baseline 0.001 -20"><span class='ocrx_word' id='word_1_103' title='bbox 401 1809 650 1864; x_wconf 78' lang='lat' dir='ltr'><strong>sumatur3</strong></span> <span class='ocrx_word' id='word_1_104' title='bbox 675 1811 785 1869; x_wconf 87' lang='lat' dir='ltr'><strong>post</strong></span> <span class='ocrx_word' id='word_1_105' title='bbox 806 1798 1150 1867; x_wconf 88' lang='lat' dir='ltr'><strong>Antiphonam</strong></span> <span class='ocrx_word' id='word_1_106' title='bbox 1174 1800 1259 1850; x_wconf 87' lang='lat' dir='ltr'><strong>‹li-</strong></span> 
     </span>
     <span class='ocr_line' id='line_1_26' title="bbox 401 1865 1259 1927; baseline -0.001 -11"><span class='ocrx_word' id='word_1_107' title='bbox 401 1869 534 1916; x_wconf 88' lang='lat' dir='ltr'><strong>citur</strong></span> <span class='ocrx_word' id='word_1_108' title='bbox 557 1866 865 1927; x_wconf 77' lang='lat' dir='ltr'><strong>versiculus,</strong></span> <span class='ocrx_word' id='word_1_109' title='bbox 901 1865 1020 1916; x_wconf 88' lang='lat' dir='ltr'><strong>inde</strong></span> <span class='ocrx_word' id='word_1_110' title='bbox 1053 1883 1259 1916; x_wconf 89' lang='lat' dir='ltr'><strong>sumen-</strong></span> 
     </span>
     <span class='ocr_line' id='line_1_27' title="bbox 401 1930 1254 2001; baseline 0 -20"><span class='ocrx_word' id='word_1_111' title='bbox 401 1930 494 1981; x_wconf 83' lang='lat' dir='ltr'><strong>dus</strong></span> <span class='ocrx_word' id='word_1_112' title='bbox 505 1930 638 1981; x_wconf 90' lang='lat' dir='ltr'><strong>unde</strong></span> <span class='ocrx_word' id='word_1_113' title='bbox 647 1940 843 2001; x_wconf 85' lang='lat' dir='ltr'><strong>sumpta</strong></span> <span class='ocrx_word' id='word_1_114' title='bbox 856 1939 930 1980; x_wconf 77' lang='lat' dir='ltr'><strong>est</strong></span> <span class='ocrx_word' id='word_1_115' title='bbox 940 1931 1254 2000; x_wconf 85' lang='lat' dir='ltr'><strong>Antiphona,</strong></span> 
     </span>
     <span class='ocr_line' id='line_1_28' title="bbox 402 1996 1259 2066; baseline 0.001 -19"><span class='ocrx_word' id='word_1_116' title='bbox 402 1996 594 2049; x_wconf 85' lang='lat' dir='ltr'><strong>scilicet</strong></span> <span class='ocrx_word' id='word_1_117' title='bbox 650 2007 761 2066; x_wconf 89' lang='lat' dir='ltr'><strong>post</strong></span> <span class='ocrx_word' id='word_1_118' title='bbox 816 1997 1074 2062; x_wconf 65' lang='lat' dir='ltr'><strong>Hymnum</strong></span> <span class='ocrx_word' id='word_1_119' title='bbox 1125 1998 1259 2048; x_wconf 86' lang='lat' dir='ltr'><strong>Lau-</strong></span> 
     </span>
     <span class='ocr_line' id='line_1_29' title="bbox 403 2062 972 2127; baseline 0.002 -16"><span class='ocrx_word' id='word_1_120' title='bbox 403 2062 552 2127; x_wconf 86' lang='lat' dir='ltr'><strong>dum3</strong></span> <span class='ocrx_word' id='word_1_121' title='bbox 579 2063 762 2114; x_wconf 88' lang='lat' dir='ltr'><strong>deinde</strong></span> <span class='ocrx_word' id='word_1_122' title='bbox 783 2063 972 2113; x_wconf 85' lang='lat' dir='ltr'><strong>Oratio.</strong></span> 
     </span>
    </p>

    <p class='ocr_par' dir='ltr' id='par_1_7' title="bbox 401 2129 1260 2590">
     <span class='ocr_line' id='line_1_30' title="bbox 467 2129 1256 2197; baseline 0 -18"><span class='ocrx_word' id='word_1_123' title='bbox 467 2130 552 2194; x_wconf 83' lang='lat'><strong>93.</strong></span> <span class='ocrx_word' id='word_1_124' title='bbox 579 2129 637 2179; x_wconf 87' lang='lat' dir='ltr'><strong>Si</strong></span> <span class='ocrx_word' id='word_1_125' title='bbox 656 2130 717 2180; x_wconf 90' lang='lat' dir='ltr'><strong>de</strong></span> <span class='ocrx_word' id='word_1_126' title='bbox 738 2130 1024 2191; x_wconf 84' lang='lat' dir='ltr'><strong>Dominiea,</strong></span> <span class='ocrx_word' id='word_1_127' title='bbox 1046 2129 1256 2197; x_wconf 77' lang='lat' dir='ltr'><strong>vigilia,</strong></span> 
     </span>
     <span class='ocr_line' id='line_1_31' title="bbox 401 2194 1255 2257; baseline 0.004 -15"><span class='ocrx_word' id='word_1_128' title='bbox 401 2205 492 2244; x_wconf 85' lang='lat' dir='ltr'><strong>aut</strong></span> <span class='ocrx_word' id='word_1_129' title='bbox 528 2194 566 2244; x_wconf 93' lang='lat' dir='ltr'>F</span> <span class='ocrx_word' id='word_1_130' title='bbox 569 2197 672 2245; x_wconf 83' lang='lat' dir='ltr'><strong>eria</strong></span> <span class='ocrx_word' id='word_1_131' title='bbox 702 2196 791 2245; x_wconf 85' lang='lat' dir='ltr'><strong>fiat</strong></span> <span class='ocrx_word' id='word_1_132' title='bbox 825 2194 1255 2257; x_wconf 82' lang='lat' dir='ltr'><strong>Commemoratio‚</strong></span> 
     </span>
     <span class='ocr_line' id='line_1_32' title="bbox 406 2258 1259 2328; baseline 0.001 -20"><span class='ocrx_word' id='word_1_133' title='bbox 406 2258 701 2328; x_wconf 81' lang='lat' dir='ltr'><strong>Antiphona</strong></span> <span class='ocrx_word' id='word_1_134' title='bbox 723 2269 775 2311; x_wconf 87' lang='lat' dir='ltr'><strong>et</strong></span> <span class='ocrx_word' id='word_1_135' title='bbox 807 2260 1008 2323; x_wconf 83' lang='lat' dir='ltr'><strong>Oratio,</strong></span> <span class='ocrx_word' id='word_1_136' title='bbox 1033 2264 1135 2309; x_wconf 87' lang='lat' dir='ltr'><strong>nisi</strong></span> <span class='ocrx_word' id='word_1_137' title='bbox 1160 2262 1259 2310; x_wconf 86' lang='lat' dir='ltr'><strong>ali-</strong></span> 
     </span>
     <span class='ocr_line' id='line_1_33' title="bbox 405 2326 1259 2395; baseline 0.004 -22"><span class='ocrx_word' id='word_1_138' title='bbox 405 2333 482 2374; x_wconf 84' lang='lat' dir='ltr'><strong>ter</strong></span> <span class='ocrx_word' id='word_1_139' title='bbox 499 2334 719 2389; x_wconf 84' lang='lat' dir='ltr'><strong>notetur,</strong></span> <span class='ocrx_word' id='word_1_140' title='bbox 733 2334 1001 2376; x_wconf 87' lang='lat' dir='ltr'><strong>sumuntur</strong></span> <span class='ocrx_word' id='word_1_141' title='bbox 1012 2327 1039 2375; x_wconf 78' lang='lat' dir='ltr'><strong>e</strong></span> <span class='ocrx_word' id='word_1_142' title='bbox 1055 2326 1259 2395; x_wconf 75' lang='lat' dir='ltr'><strong>Propi-io</strong></span> 
     </span>
     <span class='ocr_line' id='line_1_34' title="bbox 405 2388 1259 2459; baseline 0.002 -20"><span class='ocrx_word' id='word_1_143' title='bbox 405 2389 467 2440; x_wconf 86' lang='lat' dir='ltr'><strong>de</strong></span> <span class='ocrx_word' id='word_1_144' title='bbox 476 2388 716 2459; x_wconf 86' lang='lat' dir='ltr'><strong>Tempore</strong></span> <span class='ocrx_word' id='word_1_145' title='bbox 722 2429 733 2440; x_wconf 95' lang='lat'><strong><em>.</em></strong></span> <span class='ocrx_word' id='word_1_146' title='bbox 751 2391 1035 2442; x_wconf 88' lang='lat' dir='ltr'><strong>Versiculus</strong></span> <span class='ocrx_word' id='word_1_147' title='bbox 1044 2396 1259 2442; x_wconf 83' lang='lat' dir='ltr'><strong>sumitur</strong></span> 
     </span>
     <span class='ocr_line' id='line_1_35' title="bbox 405 2455 1260 2528; baseline 0.004 -23"><span class='ocrx_word' id='word_1_148' title='bbox 405 2455 466 2506; x_wconf 88' lang='lat' dir='ltr'><strong>de</strong></span> <span class='ocrx_word' id='word_1_149' title='bbox 489 2455 745 2520; x_wconf 86' lang='lat' dir='ltr'><strong>Psalterio,</strong></span> <span class='ocrx_word' id='word_1_150' title='bbox 774 2455 979 2528; x_wconf 70' lang='lat' dir='ltr'><strong>quando</strong></span> <span class='ocrx_word' id='word_1_151' title='bbox 999 2473 1101 2508; x_wconf 85' lang='lat' dir='ltr'><strong>non</strong></span> <span class='ocrx_word' id='word_1_152' title='bbox 1119 2457 1260 2508; x_wconf 88' lang='lat' dir='ltr'><strong>adest</strong></span> 
     </span>
     <span class='ocr_line' id='line_1_36' title="bbox 405 2525 1197 2590; baseline 0.001 -18"><span class='ocrx_word' id='word_1_153' title='bbox 405 2525 648 2590; x_wconf 86' lang='lat' dir='ltr'><strong>proprius.</strong></span> <span class='ocrx_word' id='word_1_154' title='bbox 1190 2538 1197 2545; x_wconf 87' lang='lat'><strong>·</strong></span> 
     </span>
    </p>

    <p class='ocr_par' dir='ltr' id='par_1_8' title="bbox 407 2587 1263 3179">
     <span class='ocr_line' id='line_1_37' title="bbox 469 2587 1262 2664; baseline 0.003 -27"><span class='ocrx_word' id='word_1_155' title='bbox 469 2589 554 2652; x_wconf 73' lang='grc'><strong>94.</strong></span> <span class='ocrx_word' id='word_1_156' title='bbox 603 2590 659 2639; x_wconf 83' lang='lat' dir='ltr'><strong>Si</strong></span> <span class='ocrx_word' id='word_1_157' title='bbox 699 2590 911 2639; x_wconf 85' lang='lat' dir='ltr'><strong>Sanctus</strong></span> <span class='ocrx_word' id='word_1_158' title='bbox 961 2587 1022 2639; x_wconf 88' lang='lat' dir='ltr'><strong>de</strong></span> <span class='ocrx_word' id='word_1_159' title='bbox 1059 2605 1162 2664; x_wconf 79' lang='lat' dir='ltr'><strong>quo</strong></span> <span class='ocrx_word' id='word_1_160' title='bbox 1202 2589 1262 2639; x_wconf 85' lang='lat' dir='ltr'><strong>fit</strong></span> 
     </span>
     <span class='ocr_line' id='line_1_38' title="bbox 407 2653 1258 2722; baseline 0.002 -20"><span class='ocrx_word' id='word_1_161' title='bbox 407 2653 818 2704; x_wconf 79' lang='lat' dir='ltr'><strong>commemoratio</strong></span> <span class='ocrx_word' id='word_1_162' title='bbox 843 2691 858 2715; x_wconf 89' lang='lat'>‚</span> <span class='ocrx_word' id='word_1_163' title='bbox 923 2656 991 2702; x_wconf 89' lang='lat' dir='ltr'><strong>sit</strong></span> <span class='ocrx_word' id='word_1_164' title='bbox 1038 2653 1258 2722; x_wconf 66' lang='lat' dir='ltr'><strong>ejusdem</strong></span> 
     </span>
     <span class='ocr_line' id='line_1_39' title="bbox 407 2717 1262 2788; baseline 0.002 -22"><span class='ocrx_word' id='word_1_165' title='bbox 407 2717 711 2768; x_wconf 84' lang='lat' dir='ltr'><strong>conditionis</strong></span> <span class='ocrx_word' id='word_1_166' title='bbox 750 2735 807 2768; x_wconf 85' lang='lat' dir='ltr'><strong>ae</strong></span> <span class='ocrx_word' id='word_1_167' title='bbox 845 2718 932 2767; x_wconf 79' lang='lat' dir='ltr'><strong>ille</strong></span> <span class='ocrx_word' id='word_1_168' title='bbox 969 2718 1030 2768; x_wconf 89' lang='lat' dir='ltr'><strong>de</strong></span> <span class='ocrx_word' id='word_1_169' title='bbox 1063 2735 1164 2788; x_wconf 89' lang='lat' dir='ltr'><strong>quo</strong></span> <span class='ocrx_word' id='word_1_170' title='bbox 1202 2719 1262 2768; x_wconf 84' lang='lat' dir='ltr'><strong>fit</strong></span> 
     </span>
     <span class='ocr_line' id='line_1_40' title="bbox 409 2781 1261 2851; baseline 0.005 -21"><span class='ocrx_word' id='word_1_171' title='bbox 409 2781 643 2832; x_wconf 87' lang='lat' dir='ltr'><strong>Officium</strong></span> <span class='ocrx_word' id='word_1_172' title='bbox 680 2803 691 2832; x_wconf 76' lang='grc' dir='ltr'>ε</span> <span class='ocrx_word' id='word_1_173' title='bbox 727 2783 848 2851; x_wconf 71' lang='lat' dir='ltr'><strong>puta</strong></span> <span class='ocrx_word' id='word_1_174' title='bbox 865 2820 880 2844; x_wconf 91' lang='lat'>,</span> <span class='ocrx_word' id='word_1_175' title='bbox 932 2785 976 2832; x_wconf 84' lang='lat' dir='ltr'><strong>si</strong></span> <span class='ocrx_word' id='word_1_176' title='bbox 1013 2787 1072 2832; x_wconf 92' lang='lat' dir='ltr'><strong>in</strong></span> <span class='ocrx_word' id='word_1_177' title='bbox 1116 2784 1261 2834; x_wconf 89' lang='lat' dir='ltr'><strong>Festo</strong></span> 
     </span>
     <span class='ocr_line' id='line_1_41' title="bbox 412 2846 1259 2917; baseline 0.002 -21"><span class='ocrx_word' id='word_1_178' title='bbox 412 2847 649 2913; x_wconf 82' lang='lat' dir='ltr'><strong>Martyris</strong></span> <span class='ocrx_word' id='word_1_179' title='bbox 712 2852 966 2917; x_wconf 89' lang='lat' dir='ltr'><strong>proprium</strong></span> <span class='ocrx_word' id='word_1_180' title='bbox 1026 2846 1259 2898; x_wconf 84' lang='lat' dir='ltr'><strong>Officium</strong></span> 
     </span>
     <span class='ocr_line' id='line_1_42' title="bbox 407 2913 1263 2975; baseline 0.002 -13"><span class='ocrx_word' id='word_1_181' title='bbox 407 2929 514 2963; x_wconf 85' lang='lat' dir='ltr'><strong>non</strong></span> <span class='ocrx_word' id='word_1_182' title='bbox 540 2913 773 2964; x_wconf 84' lang='lat' dir='ltr'><strong>habentis</strong></span> <span class='ocrx_word' id='word_1_183' title='bbox 797 2951 811 2975; x_wconf 88' lang='lat'>,</span> <span class='ocrx_word' id='word_1_184' title='bbox 849 2922 1074 2962; x_wconf 87' lang='lat' dir='ltr'><strong>occurrat</strong></span> <span class='ocrx_word' id='word_1_185' title='bbox 1113 2913 1263 2964; x_wconf 88' lang='lat' dir='ltr'><strong>Com-</strong></span> 
     </span>
     <span class='ocr_line' id='line_1_43' title="bbox 409 2977 1261 3030; baseline 0.004 -3"><span class='ocrx_word' id='word_1_186' title='bbox 409 2983 698 3029; x_wconf 81' lang='lat' dir='ltr'><strong>memoratio</strong></span> <span class='ocrx_word' id='word_1_187' title='bbox 760 2977 988 3028; x_wconf 77' lang='lat' dir='ltr'><strong>facienda</strong></span> <span class='ocrx_word' id='word_1_188' title='bbox 1040 2977 1103 3028; x_wconf 85' lang='lat' dir='ltr'><strong>de</strong></span> <span class='ocrx_word' id='word_1_189' title='bbox 1159 2980 1261 3030; x_wconf 91' lang='lat' dir='ltr'><strong>alio</strong></span> 
     </span>
     <span class='ocr_line' id='line_1_44' title="bbox 413 3043 1261 3109; baseline 0.002 -17"><span class='ocrx_word' id='word_1_190' title='bbox 413 3043 664 3109; x_wconf 80' lang='lat' dir='ltr'><strong>Martyre3</strong></span> <span class='ocrx_word' id='word_1_191' title='bbox 705 3053 826 3094; x_wconf 86' lang='lat' dir='ltr'><strong>tunc</strong></span> <span class='ocrx_word' id='word_1_192' title='bbox 855 3047 1069 3095; x_wconf 84' lang='lat' dir='ltr'><strong>sumitur</strong></span> <span class='ocrx_word' id='word_1_193' title='bbox 1100 3045 1261 3094; x_wconf 79' lang='lat' dir='ltr'><strong>Anti-</strong></span> 
     </span>
     <span class='ocr_line' id='line_1_45' title="bbox 409 3108 1263 3179; baseline 0.001 -22"><span class='ocrx_word' id='word_1_194' title='bbox 409 3108 576 3176; x_wconf 88' lang='lat' dir='ltr'><strong>phona</strong></span> <span class='ocrx_word' id='word_1_195' title='bbox 605 3127 717 3179; x_wconf 85' lang='lat' dir='ltr'><strong>quae</strong></span> <span class='ocrx_word' id='word_1_196' title='bbox 758 3114 814 3159; x_wconf 90' lang='lat' dir='ltr'><strong>in</strong></span> <span class='ocrx_word' id='word_1_197' title='bbox 840 3110 1104 3160; x_wconf 89' lang='lat' dir='ltr'><strong>Communi</strong></span> <span class='ocrx_word' id='word_1_198' title='bbox 1137 3113 1263 3158; x_wconf 87' lang='lat' dir='ltr'><strong>assi·-</strong></span> 
     </span>
    </p>

    <p class='ocr_par' dir='ltr' id='par_1_9' title="bbox 423 3175 1261 3299">
     <span class='ocr_line' id='line_1_46' title="bbox 423 3175 1261 3240; baseline 0.002 -18"><span class='ocrx_word' id='word_1_199' title='bbox 423 3182 590 3224; x_wconf 69' lang='lat' dir='ltr'><strong>*natur</strong></span> <span class='ocrx_word' id='word_1_200' title='bbox 604 3175 667 3224; x_wconf 88' lang='lat' dir='ltr'><strong>ad</strong></span> <span class='ocrx_word' id='word_1_201' title='bbox 693 3177 974 3240; x_wconf 73' lang='lat' dir='ltr'><strong>Maynificat</strong></span> <span class='ocrx_word' id='word_1_202' title='bbox 992 3177 1048 3223; x_wconf 88' lang='lat' dir='ltr'><strong>in</strong></span> <span class='ocrx_word' id='word_1_203' title='bbox 1076 3191 1261 3224; x_wconf 84' lang='lat' dir='ltr'><strong>secun-</strong></span> 
     </span>
     <span class='ocr_line' id='line_1_47' title="bbox 446 3237 1260 3299; baseline 0.004 -12"><span class='ocrx_word' id='word_1_204' title='bbox 446 3242 490 3288; x_wconf 87' lang='lat' dir='ltr'><strong>is</strong></span> <span class='ocrx_word' id='word_1_205' title='bbox 513 3239 608 3290; x_wconf 88' lang='lat' dir='ltr'><strong>Ves</strong></span> <span class='ocrx_word' id='word_1_206' title='bbox 671 3243 757 3299; x_wconf 85' lang='lat' dir='ltr'><strong>ris,</strong></span> <span class='ocrx_word' id='word_1_207' title='bbox 781 3256 895 3289; x_wconf 91' lang='lat' dir='ltr'><strong>cum</strong></span> <span class='ocrx_word' id='word_1_208' title='bbox 921 3237 1176 3289; x_wconf 87' lang='lat' dir='ltr'><strong>Versiculo</strong></span> <span class='ocrx_word' id='word_1_209' title='bbox 1197 3238 1260 3290; x_wconf 85' lang='lat' dir='ltr'><strong>de</strong></span> 
     </span>
    </p>

    <p class='ocr_par' dir='ltr' id='par_1_10' title="bbox 411 3302 1261 3372">
     <span class='ocr_line' id='line_1_48' title="bbox 411 3302 1261 3372; baseline 0 -18"><span class='ocrx_word' id='word_1_210' title='bbox 411 3302 588 3354; x_wconf 90' lang='lat' dir='ltr'><strong>iisdem</strong></span> <span class='ocrx_word' id='word_1_211' title='bbox 670 3309 879 3372; x_wconf 86' lang='lat' dir='ltr'><strong>esperis,</strong></span> <span class='ocrx_word' id='word_1_212' title='bbox 911 3312 962 3353; x_wconf 88' lang='lat' dir='ltr'><strong>et</strong></span> <span class='ocrx_word' id='word_1_213' title='bbox 989 3303 1162 3355; x_wconf 88' lang='lat' dir='ltr'><strong>Oratio</strong></span> <span class='ocrx_word' id='word_1_214' title='bbox 1197 3303 1261 3354; x_wconf 89' lang='lat' dir='ltr'><strong>de</strong></span> 
     </span>
    </p>

    <p class='ocr_par' dir='ltr' id='par_1_11' title="bbox 413 3369 1215 3438">
     <span class='ocr_line' id='line_1_49' title="bbox 413 3369 1215 3438; baseline -0.001 -19"><span class='ocrx_word' id='word_1_215' title='bbox 413 3370 705 3432; x_wconf 86' lang='lat' dir='ltr'><strong>Communi,</strong></span> <span class='ocrx_word' id='word_1_216' title='bbox 729 3373 828 3419; x_wconf 86' lang='lat' dir='ltr'><strong>nisi</strong></span> <span class='ocrx_word' id='word_1_217' title='bbox 849 3369 980 3419; x_wconf 89' lang='lat' dir='ltr'><strong>adsit</strong></span> <span class='ocrx_word' id='word_1_218' title='bbox 1000 3373 1215 3438; x_wconf 88' lang='lat' dir='ltr'><strong>propria.</strong></span> 
     </span>
    </p>

    <p class='ocr_par' dir='ltr' id='par_1_12' title="bbox 410 3435 1262 3564">
     <span class='ocr_line' id='line_1_50' title="bbox 477 3435 1259 3503; baseline -0.003 -18"><span class='ocrx_word' id='word_1_219' title='bbox 477 3435 560 3500; x_wconf 85' lang='lat'><strong>95.</strong></span> <span class='ocrx_word' id='word_1_220' title='bbox 596 3435 806 3502; x_wconf 81' lang='lat' dir='ltr'><strong>Quando</strong></span> <span class='ocrx_word' id='word_1_221' title='bbox 827 3438 1077 3502; x_wconf 83' lang='lat' dir='ltr'><strong>contingit</strong></span> <span class='ocrx_word' id='word_1_222' title='bbox 1094 3435 1259 3503; x_wconf 89' lang='lat' dir='ltr'><strong>plures</strong></span> 
     </span>
     <span class='ocr_line' id='line_1_51' title="bbox 410 3499 1262 3564; baseline -0.004 -12"><span class='ocrx_word' id='word_1_223' title='bbox 410 3499 523 3552; x_wconf 80' lang='lat' dir='ltr'><strong>fieri</strong></span> <span class='ocrx_word' id='word_1_224' title='bbox 543 3502 1040 3552; x_wconf 80' lang='lat' dir='ltr'><strong>Commemorationes</strong></span> <span class='ocrx_word' id='word_1_225' title='bbox 1057 3537 1074 3564; x_wconf 92' lang='lat'>,</span> <span class='ocrx_word' id='word_1_226' title='bbox 1114 3499 1262 3550; x_wconf 88' lang='lat' dir='ltr'><strong>Com-</strong></span> 
     </span>
    </p>
   </div>
   <div class='ocr_carea' id='block_1_5' title="bbox 967 218 1625 257">
    <p class='ocr_par' dir='ltr' id='par_1_13' title="bbox 967 218 1625 257">
     <span class='ocr_line' id='line_1_52' title="bbox 967 218 1625 257; baseline -0.002 0"><span class='ocrx_word' id='word_1_227' title='bbox 967 218 1289 257; x_wconf 72' lang='lat' dir='ltr'><strong>Rumucanmt</strong></span> <span class='ocrx_word' id='word_1_228' title='bbox 1312 218 1625 257; x_wconf 62' lang='lat' dir='ltr'><strong>cummanum</strong></span> 
     </span>
    </p>
   </div>
   <div class='ocr_carea' id='block_1_6' title="bbox 1326 295 2201 1057">
    <p class='ocr_par' dir='ltr' id='par_1_14' title="bbox 1326 295 2200 546">
     <span class='ocr_line' id='line_1_53' title="bbox 1326 295 2195 367; baseline 0.001 -21"><span class='ocrx_word' id='word_1_229' title='bbox 1326 302 1617 349; x_wconf 84' lang='lat' dir='ltr'><strong>memoratio</strong></span> <span class='ocrx_word' id='word_1_230' title='bbox 1646 296 1791 348; x_wconf 82' lang='lat' dir='ltr'><strong>illius</strong></span> <span class='ocrx_word' id='word_1_231' title='bbox 1818 295 1881 347; x_wconf 90' lang='lat' dir='ltr'><strong>de</strong></span> <span class='ocrx_word' id='word_1_232' title='bbox 1908 312 2014 367; x_wconf 87' lang='lat' dir='ltr'><strong>quo</strong></span> <span class='ocrx_word' id='word_1_233' title='bbox 2044 296 2195 347; x_wconf 83' lang='lat' dir='ltr'><strong>fieret</strong></span> 
     </span>
     <span class='ocr_line' id='line_1_54' title="bbox 1326 362 2200 443; baseline 0 -31"><span class='ocrx_word' id='word_1_234' title='bbox 1326 362 1560 414; x_wconf 84' lang='lat' dir='ltr'><strong>Officium</strong></span> <span class='ocrx_word' id='word_1_235' title='bbox 1580 402 1593 427; x_wconf 94' lang='lat'>,</span> <span class='ocrx_word' id='word_1_236' title='bbox 1628 362 1919 443; x_wconf 69' lang='lat' dir='ltr'><strong>regulariter</strong></span> <span class='ocrx_word' id='word_1_237' title='bbox 1950 362 2200 431; x_wconf 81' lang='lat' dir='ltr'><strong>praeeedit</strong></span> 
     </span>
     <span class='ocr_line' id='line_1_55' title="bbox 1327 426 2199 497; baseline -0.001 -19"><span class='ocrx_word' id='word_1_238' title='bbox 1327 429 1854 480; x_wconf 76' lang='lat' dir='ltr'><strong>commemorationem</strong></span> <span class='ocrx_word' id='word_1_239' title='bbox 1875 426 1983 496; x_wconf 89' lang='lat' dir='ltr'><strong>ejus</strong></span> <span class='ocrx_word' id='word_1_240' title='bbox 1996 427 2061 477; x_wconf 89' lang='lat' dir='ltr'><strong>de</strong></span> <span class='ocrx_word' id='word_1_241' title='bbox 2089 444 2199 497; x_wconf 87' lang='lat' dir='ltr'><strong>quo</strong></span> 
     </span>
     <span class='ocr_line' id='line_1_56' title="bbox 1326 493 2195 546; baseline -0.001 -3"><span class='ocrx_word' id='word_1_242' title='bbox 1326 493 1551 545; x_wconf 84' lang='lat' dir='ltr'><strong>facienda</strong></span> <span class='ocrx_word' id='word_1_243' title='bbox 1567 496 1763 546; x_wconf 74' lang='lat' dir='ltr'><strong>tantum</strong></span> <span class='ocrx_word' id='word_1_244' title='bbox 1776 505 1904 545; x_wconf 87' lang='lat' dir='ltr'><strong>esset</strong></span> <span class='ocrx_word' id='word_1_245' title='bbox 1918 494 2195 543; x_wconf 86' lang='lat' dir='ltr'><strong>Memoria.</strong></span> 
     </span>
    </p>

    <p class='ocr_par' dir='ltr' id='par_1_15' title="bbox 1327 561 2201 812">
     <span class='ocr_line' id='line_1_57' title="bbox 1386 561 2200 626; baseline -0.004 -15"><span class='ocrx_word' id='word_1_246' title='bbox 1386 561 1471 626; x_wconf 86' lang='lat'><strong>96.</strong></span> <span class='ocrx_word' id='word_1_247' title='bbox 1508 562 2017 613; x_wconf 87' lang='lat' dir='ltr'><strong>Commemorationes</strong></span> <span class='ocrx_word' id='word_1_248' title='bbox 2044 575 2200 609; x_wconf 87' lang='lat' dir='ltr'><strong>eom-</strong></span> 
     </span>
     <span class='ocr_line' id='line_1_58' title="bbox 1327 627 2201 695; baseline -0.001 -21"><span class='ocrx_word' id='word_1_249' title='bbox 1327 642 1521 690; x_wconf 79' lang='lat' dir='ltr'><strong>munes,</strong></span> <span class='ocrx_word' id='word_1_250' title='bbox 1554 646 1641 678; x_wconf 85' lang='lat' dir='ltr'><strong>seu</strong></span> <span class='ocrx_word' id='word_1_251' title='bbox 1684 627 1929 695; x_wconf 78' lang='lat' dir='ltr'><strong>Suffiagia</strong></span> <span class='ocrx_word' id='word_1_252' title='bbox 1946 662 1960 686; x_wconf 93' lang='lat'><strong><em>‚</em></strong></span> <span class='ocrx_word' id='word_1_253' title='bbox 1996 641 2201 693; x_wconf 84' lang='lat' dir='ltr'><strong>semper</strong></span> 
     </span>
     <span class='ocr_line' id='line_1_59' title="bbox 1327 690 2201 754; baseline -0.001 -14"><span class='ocrx_word' id='word_1_254' title='bbox 1327 691 1460 742; x_wconf 86' lang='lat' dir='ltr'><strong>fiunt</strong></span> <span class='ocrx_word' id='word_1_255' title='bbox 1481 694 1661 747; x_wconf 90' lang='lat' dir='ltr'><strong>ultimo</strong></span> <span class='ocrx_word' id='word_1_256' title='bbox 1688 693 1797 743; x_wconf 86' lang='lat' dir='ltr'><strong>loco</strong></span> <span class='ocrx_word' id='word_1_257' title='bbox 1810 730 1825 754; x_wconf 93' lang='lat'><em>‚</em></span> <span class='ocrx_word' id='word_1_258' title='bbox 1854 699 1913 741; x_wconf 88' lang='lat' dir='ltr'><strong>ut</strong></span> <span class='ocrx_word' id='word_1_259' title='bbox 1935 690 2201 743; x_wconf 81' lang='lat' dir='ltr'><strong>habentur</strong></span> 
     </span>
     <span class='ocr_line' id='line_1_60' title="bbox 1327 757 1961 812; baseline 0 -5"><span class='ocrx_word' id='word_1_260' title='bbox 1327 760 1384 807; x_wconf 86' lang='lat' dir='ltr'><strong>in</strong></span> <span class='ocrx_word' id='word_1_261' title='bbox 1403 757 1671 810; x_wconf 77' lang='lat' dir='ltr'><strong>Ordinatio</strong></span> <span class='ocrx_word' id='word_1_262' title='bbox 1698 759 1961 812; x_wconf 85' lang='lat' dir='ltr'><strong>Breviarii.</strong></span> 
     </span>
    </p>

    <p class='ocr_par' dir='ltr' id='par_1_16' title="bbox 1327 864 2197 1057">
     <span class='ocr_line' id='line_1_61' title="bbox 1595 864 1910 906; baseline -0.016 0"><span class='ocrx_word' id='word_1_263' title='bbox 1595 866 1791 906; x_wconf 82' lang='lat' dir='ltr'>CAPUT</span> <span class='ocrx_word' id='word_1_264' title='bbox 1814 864 1910 902; x_wconf 86' lang='lat'>111.</span> 
     </span>
     <span class='ocr_line' id='line_1_62' title="bbox 1327 930 2197 991; baseline -0.002 -11"><span class='ocrx_word' id='word_1_265' title='bbox 1327 932 1404 981; x_wconf 80' lang='lat' dir='ltr'><strong>De</strong></span> <span class='ocrx_word' id='word_1_266' title='bbox 1447 933 1597 982; x_wconf 73' lang='lat' dir='ltr'><strong>Horis</strong></span> <span class='ocrx_word' id='word_1_267' title='bbox 1652 933 1938 991; x_wconf 76' lang='lat' dir='ltr'><strong>minoribus,</strong></span> <span class='ocrx_word' id='word_1_268' title='bbox 1986 930 2166 979; x_wconf 74' lang='lat' dir='ltr'><strong>Prima</strong></span> <span class='ocrx_word' id='word_1_269' title='bbox 2181 965 2197 989; x_wconf 91' lang='lat'>,</span> 
     </span>
     <span class='ocr_line' id='line_1_63' title="bbox 1422 998 2102 1057; baseline -0.004 -12"><span class='ocrx_word' id='word_1_270' title='bbox 1422 1000 1622 1057; x_wconf 83' lang='lat' dir='ltr'><strong>Tertia,</strong></span> <span class='ocrx_word' id='word_1_271' title='bbox 1648 999 1835 1056; x_wconf 72' lang='lat' dir='ltr'><strong>Sexta,</strong></span> <span class='ocrx_word' id='word_1_272' title='bbox 1860 1004 1911 1043; x_wconf 84' lang='lat' dir='ltr'><strong>et</strong></span> <span class='ocrx_word' id='word_1_273' title='bbox 1930 998 2102 1044; x_wconf 78' lang='lat' dir='ltr'><strong>Nona.</strong></span> 
     </span>
    </p>
   </div>
   <div class='ocr_carea' id='block_1_7' title="bbox 1324 1079 2218 2918">
    <p class='ocr_par' dir='ltr' id='par_1_17' title="bbox 1324 1079 2218 2002">
     <span class='ocr_line' id='line_1_64' title="bbox 1391 1079 2203 1149; baseline -0.006 -16"><span class='ocrx_word' id='word_1_274' title='bbox 1391 1098 1477 1149; x_wconf 81' lang='lat'><strong>97.</strong></span> <span class='ocrx_word' id='word_1_275' title='bbox 1501 1082 1583 1133; x_wconf 80' lang='lat' dir='ltr'><strong>Ad</strong></span> <span class='ocrx_word' id='word_1_276' title='bbox 1615 1083 1833 1132; x_wconf 84' lang='lat' dir='ltr'><strong>Primam</strong></span> <span class='ocrx_word' id='word_1_277' title='bbox 1854 1079 2029 1141; x_wconf 88' lang='lat' dir='ltr'><strong>(dictis</strong></span> <span class='ocrx_word' id='word_1_278' title='bbox 2041 1081 2203 1129; x_wconf 78' lang='lat' dir='ltr'><strong>Pater</strong></span> 
     </span>
     <span class='ocr_line' id='line_1_65' title="bbox 1326 1140 2202 1215; baseline -0.007 -16"><span class='ocrx_word' id='word_1_279' title='bbox 1326 1159 1377 1199; x_wconf 89' lang='lat' dir='ltr'><strong>et</strong></span> <span class='ocrx_word' id='word_1_280' title='bbox 1393 1154 1495 1199; x_wconf 78' lang='lat' dir='ltr'><strong>Avo</strong></span> <span class='ocrx_word' id='word_1_281' title='bbox 1516 1150 1730 1210; x_wconf 81' lang='lat' dir='ltr'><strong>secreto,</strong></span> <span class='ocrx_word' id='word_1_282' title='bbox 1764 1151 1809 1198; x_wconf 89' lang='lat' dir='ltr'><strong>si</strong></span> <span class='ocrx_word' id='word_1_283' title='bbox 1839 1154 2099 1215; x_wconf 87' lang='lat' dir='ltr'><strong>separetur</strong></span> <span class='ocrx_word' id='word_1_284' title='bbox 2130 1140 2202 1194; x_wconf 87' lang='lat' dir='ltr'><strong>ab</strong></span> 
     </span>
     <span class='ocr_line' id='line_1_66' title="bbox 1326 1210 2203 1283; baseline -0.005 -20"><span class='ocrx_word' id='word_1_285' title='bbox 1326 1213 1505 1263; x_wconf 87' lang='lat' dir='ltr'><strong>Officio</strong></span> <span class='ocrx_word' id='word_1_286' title='bbox 1574 1213 1875 1283; x_wconf 85' lang='lat' dir='ltr'><strong>praecedenti</strong></span> <span class='ocrx_word' id='word_1_287' title='bbox 1922 1212 1953 1279; x_wconf 92' lang='lat'>)</span> <span class='ocrx_word' id='word_1_288' title='bbox 2000 1210 2203 1260; x_wconf 85' lang='lat' dir='ltr'><strong>dicitur</strong></span> 
     </span>
     <span class='ocr_line' id='line_1_67' title="bbox 1325 1276 2203 1349; baseline -0.001 -21"><span class='ocrx_word' id='word_1_289' title='bbox 1325 1282 1464 1331; x_wconf 79' lang='lat' dir='ltr'><strong>Deus</strong></span> <span class='ocrx_word' id='word_1_290' title='bbox 1478 1282 1533 1329; x_wconf 75' lang='lat' dir='ltr'><strong>ia</strong></span> <span class='ocrx_word' id='word_1_291' title='bbox 1551 1284 1868 1349; x_wconf 72' lang='lat' dir='ltr'><strong>adjtatorium,</strong></span> <span class='ocrx_word' id='word_1_292' title='bbox 1888 1286 1941 1326; x_wconf 92' lang='lat' dir='ltr'><strong>et</strong></span> <span class='ocrx_word' id='word_1_293' title='bbox 1954 1276 2203 1341; x_wconf 74' lang='lat' dir='ltr'><strong>Hymnus</strong></span> 
     </span>
     <span class='ocr_line' id='line_1_68' title="bbox 1326 1342 2200 1409; baseline -0.003 -16"><span class='ocrx_word' id='word_1_294' title='bbox 1326 1346 1441 1393; x_wconf 87' lang='lat' dir='ltr'><strong>Jam</strong></span> <span class='ocrx_word' id='word_1_295' title='bbox 1464 1348 1608 1394; x_wconf 75' lang='lat' dir='ltr'><strong>lucis.</strong></span> <span class='ocrx_word' id='word_1_296' title='bbox 1652 1345 1769 1394; x_wconf 88' lang='lat' dir='ltr'><strong>Post</strong></span> <span class='ocrx_word' id='word_1_297' title='bbox 1793 1342 2053 1409; x_wconf 79' lang='lat' dir='ltr'><strong>Hymnum</strong></span> <span class='ocrx_word' id='word_1_298' title='bbox 2084 1344 2200 1390; x_wconf 89' lang='lat' dir='ltr'><strong>im-</strong></span> 
     </span>
     <span class='ocr_line' id='line_1_69' title="bbox 1326 1410 2199 1478; baseline -0.002 -20"><span class='ocrx_word' id='word_1_299' title='bbox 1326 1412 1446 1476; x_wconf 89' lang='lat' dir='ltr'><strong>poni</strong></span> <span class='ocrx_word' id='word_1_300' title='bbox 1452 1420 1530 1459; x_wconf 88' lang='lat' dir='ltr'><strong>tur</strong></span> <span class='ocrx_word' id='word_1_301' title='bbox 1542 1410 1837 1478; x_wconf 82' lang='lat' dir='ltr'><strong>Antiphona</strong></span> <span class='ocrx_word' id='word_1_302' title='bbox 1852 1410 2173 1459; x_wconf 86' lang='lat' dir='ltr'><strong>conveniens</strong></span> <span class='ocrx_word' id='word_1_303' title='bbox 2187 1426 2199 1456; x_wconf 77' lang='grc' dir='ltr'><strong><em>ε</em></strong></span> 
     </span>
     <span class='ocr_line' id='line_1_70' title="bbox 1324 1472 2202 1543; baseline -0.001 -20"><span class='ocrx_word' id='word_1_304' title='bbox 1324 1473 1461 1543; x_wconf 86' lang='lat' dir='ltr'><strong>quod</strong></span> <span class='ocrx_word' id='word_1_305' title='bbox 1494 1474 1553 1525; x_wconf 85' lang='lat' dir='ltr'><strong>fit</strong></span> <span class='ocrx_word' id='word_1_306' title='bbox 1588 1479 1740 1525; x_wconf 88' lang='lat' dir='ltr'><strong>etiam</strong></span> <span class='ocrx_word' id='word_1_307' title='bbox 1770 1474 1834 1524; x_wconf 91' lang='lat' dir='ltr'><strong>ad</strong></span> <span class='ocrx_word' id='word_1_308' title='bbox 1860 1483 2050 1524; x_wconf 87' lang='lat' dir='ltr'><strong>ceteras</strong></span> <span class='ocrx_word' id='word_1_309' title='bbox 2078 1472 2202 1522; x_wconf 83' lang='lat' dir='ltr'><strong>Ho-</strong></span> 
     </span>
     <span class='ocr_line' id='line_1_71' title="bbox 1327 1538 2203 1602; baseline -0.001 -14"><span class='ocrx_word' id='word_1_310' title='bbox 1327 1556 1436 1602; x_wconf 87' lang='lat' dir='ltr'><strong>ras,</strong></span> <span class='ocrx_word' id='word_1_311' title='bbox 1476 1544 1534 1590; x_wconf 90' lang='lat' dir='ltr'><strong>in</strong></span> <span class='ocrx_word' id='word_1_312' title='bbox 1581 1542 1743 1592; x_wconf 89' lang='lat' dir='ltr'><strong>Choro</strong></span> <span class='ocrx_word' id='word_1_313' title='bbox 1793 1538 2027 1601; x_wconf 73' lang='lat' dir='ltr'><strong>tantum,</strong></span> <span class='ocrx_word' id='word_1_314' title='bbox 2072 1548 2203 1587; x_wconf 81' lang='lat' dir='ltr'><strong>ante</strong></span> 
     </span>
     <span class='ocr_line' id='line_1_72' title="bbox 1327 1605 2203 1657; baseline -0.002 -3"><span class='ocrx_word' id='word_1_315' title='bbox 1327 1608 1694 1657; x_wconf 81' lang='lat' dir='ltr'><strong>intonationem</strong></span> <span class='ocrx_word' id='word_1_316' title='bbox 1749 1605 2057 1656; x_wconf 81' lang='lat' dir='ltr'><strong>Psalm0rum</strong></span> <span class='ocrx_word' id='word_1_317' title='bbox 2140 1611 2203 1653; x_wconf 85' lang='lat' dir='ltr'><strong>ut</strong></span> 
     </span>
     <span class='ocr_line' id='line_1_73' title="bbox 1327 1641 2203 1733; baseline 0 -14"><span class='ocrx_word' id='word_1_318' title='bbox 1327 1669 1540 1722; x_wconf 72' lang='lat' dir='ltr'><strong>habetur</strong></span> <span class='ocrx_word' id='word_1_319' title='bbox 1563 1672 1723 1733; x_wconf 59' lang='lat' dir='ltr'><strong>tufts,</strong></span> <span class='ocrx_word' id='word_1_320' title='bbox 1760 1688 1814 1721; x_wconf 80' lang='lat' dir='ltr'><strong>n.</strong></span> <span class='ocrx_word' id='word_1_321' title='bbox 1840 1672 1955 1733; x_wconf 83' lang='lat'><strong>137.</strong></span> <span class='ocrx_word' id='word_1_322' title='bbox 1997 1669 2062 1719; x_wconf 89' lang='lat' dir='ltr'><strong>In</strong></span> <span class='ocrx_word' id='word_1_323' title='bbox 2078 1641 2203 1719; x_wconf 73' lang='lat' dir='ltr'><strong>bo-</strong></span> 
     </span>
     <span class='ocr_line' id='line_1_74' title="bbox 1329 1734 2203 1796; baseline -0.001 -10"><span class='ocrx_word' id='word_1_324' title='bbox 1329 1738 1555 1787; x_wconf 87' lang='lat' dir='ltr'><strong>minicali</strong></span> <span class='ocrx_word' id='word_1_325' title='bbox 1584 1756 1642 1788; x_wconf 88' lang='lat' dir='ltr'><strong>ac</strong></span> <span class='ocrx_word' id='word_1_326' title='bbox 1674 1736 1861 1788; x_wconf 78' lang='lat' dir='ltr'><strong>Feriali</strong></span> <span class='ocrx_word' id='word_1_327' title='bbox 1883 1735 2099 1796; x_wconf 89' lang='lat' dir='ltr'><strong>Officio,</strong></span> <span class='ocrx_word' id='word_1_328' title='bbox 2130 1734 2203 1786; x_wconf 86' lang='lat' dir='ltr'><strong>ad</strong></span> 
     </span>
     <span class='ocr_line' id='line_1_75' title="bbox 1330 1802 2218 1864; baseline -0.002 -13"><span class='ocrx_word' id='word_1_329' title='bbox 1330 1802 1485 1853; x_wconf 83' lang='lat' dir='ltr'><strong>Horas</strong></span> <span class='ocrx_word' id='word_1_330' title='bbox 1512 1806 1747 1864; x_wconf 84' lang='lat' dir='ltr'><strong>minores,</strong></span> <span class='ocrx_word' id='word_1_331' title='bbox 1768 1812 2039 1853; x_wconf 84' lang='lat' dir='ltr'><strong>sumuntur</strong></span> <span class='ocrx_word' id='word_1_332' title='bbox 2071 1802 2218 1851; x_wconf 88' lang='lat' dir='ltr'><strong>An-·</strong></span> 
     </span>
     <span class='ocr_line' id='line_1_76' title="bbox 1328 1865 2204 1939; baseline -0.003 -22"><span class='ocrx_word' id='word_1_333' title='bbox 1328 1867 1549 1936; x_wconf 82' lang='lat' dir='ltr'><strong>tiphonae</strong></span> <span class='ocrx_word' id='word_1_334' title='bbox 1568 1886 1681 1939; x_wconf 82' lang='lat' dir='ltr'><strong>quae</strong></span> <span class='ocrx_word' id='word_1_335' title='bbox 1702 1877 1941 1919; x_wconf 86' lang='lat' dir='ltr'><strong>notantur</strong></span> <span class='ocrx_word' id='word_1_336' title='bbox 1958 1871 2017 1916; x_wconf 89' lang='lat' dir='ltr'><strong>in</strong></span> <span class='ocrx_word' id='word_1_337' title='bbox 2042 1865 2204 1915; x_wconf 87' lang='lat' dir='ltr'><strong>Psal-</strong></span> 
     </span>
     <span class='ocr_line' id='line_1_77' title="bbox 1330 1931 2203 2002; baseline -0.002 -20"><span class='ocrx_word' id='word_1_338' title='bbox 1330 1937 1453 1985; x_wconf 86' lang='lat' dir='ltr'><strong>terio</strong></span> <span class='ocrx_word' id='word_1_339' title='bbox 1468 1970 1484 1997; x_wconf 89' lang='lat'><strong>,</strong></span> <span class='ocrx_word' id='word_1_340' title='bbox 1505 1935 1586 1985; x_wconf 82' lang='lat' dir='ltr'><strong>vel</strong></span> <span class='ocrx_word' id='word_1_341' title='bbox 1616 1939 1672 1984; x_wconf 91' lang='lat' dir='ltr'><strong>in</strong></span> <span class='ocrx_word' id='word_1_342' title='bbox 1706 1935 1912 2002; x_wconf 87' lang='lat' dir='ltr'><strong>Proprio</strong></span> <span class='ocrx_word' id='word_1_343' title='bbox 1940 1932 2003 1982; x_wconf 92' lang='lat' dir='ltr'><strong>de</strong></span> <span class='ocrx_word' id='word_1_344' title='bbox 2029 1931 2203 1981; x_wconf 87' lang='lat' dir='ltr'><strong>Tem-</strong></span> 
     </span>
    </p>

    <p class='ocr_par' dir='ltr' id='par_1_18' title="bbox 1326 1996 2211 2918">
     <span class='ocr_line' id='line_1_78' title="bbox 1391 1996 2203 2069; baseline -0.002 -20"><span class='ocrx_word' id='word_1_345' title='bbox 1391 2016 1471 2062; x_wconf 87' lang='lat' dir='ltr'><strong>re,</strong></span> <span class='ocrx_word' id='word_1_346' title='bbox 1492 2017 1581 2069; x_wconf 88' lang='lat' dir='ltr'><strong>pro</strong></span> <span class='ocrx_word' id='word_1_347' title='bbox 1611 2017 1811 2069; x_wconf 85' lang='lat' dir='ltr'><strong>unaqua</strong></span> <span class='ocrx_word' id='word_1_348' title='bbox 1848 2016 1912 2050; x_wconf 91' lang='lat' dir='ltr'><strong>ue</strong></span> <span class='ocrx_word' id='word_1_349' title='bbox 1936 1998 2091 2049; x_wconf 83' lang='lat' dir='ltr'><strong>Hora.</strong></span> <span class='ocrx_word' id='word_1_350' title='bbox 2129 1996 2203 2047; x_wconf 88' lang='lat' dir='ltr'><strong>In</strong></span> 
     </span>
     <span class='ocr_line' id='line_1_79' title="bbox 1326 2016 2207 2132; baseline -0.003 -16"><span class='ocrx_word' id='word_1_351' title='bbox 1326 2016 1489 2116; x_wconf 50' lang='lat' dir='ltr'><strong>gestis</strong></span> <span class='ocrx_word' id='word_1_352' title='bbox 1510 2068 1647 2130; x_wconf 79' lang='lat' dir='ltr'><strong>vero,</strong></span> <span class='ocrx_word' id='word_1_353' title='bbox 1671 2069 1797 2116; x_wconf 84' lang='lat' dir='ltr'><strong>Anti</strong></span> <span class='ocrx_word' id='word_1_354' title='bbox 1870 2082 1979 2115; x_wconf 84' lang='lat' dir='ltr'><strong>onae</strong></span> <span class='ocrx_word' id='word_1_355' title='bbox 2012 2063 2207 2132; x_wconf 85' lang='lat' dir='ltr'><strong>depro-</strong></span> 
     </span>
     <span class='ocr_line' id='line_1_80' title="bbox 1330 2084 2205 2198; baseline -0.002 -18"><span class='ocrx_word' id='word_1_356' title='bbox 1330 2140 1534 2182; x_wconf 90' lang='lat' dir='ltr'><strong>muntur</strong></span> <span class='ocrx_word' id='word_1_357' title='bbox 1554 2150 1618 2182; x_wconf 82' lang='lat' dir='ltr'><strong>ex</strong></span> <span class='ocrx_word' id='word_1_358' title='bbox 1638 2084 1893 2182; x_wconf 61' lang='lat' dir='ltr'><strong>Laudissus</strong></span> <span class='ocrx_word' id='word_1_359' title='bbox 1923 2147 2013 2198; x_wconf 87' lang='lat' dir='ltr'><strong>per</strong></span> <span class='ocrx_word' id='word_1_360' title='bbox 2044 2127 2205 2180; x_wconf 89' lang='lat' dir='ltr'><strong>ordi-</strong></span> 
     </span>
     <span class='ocr_line' id='line_1_81' title="bbox 1329 2195 2203 2260; baseline -0.003 -13"><span class='ocrx_word' id='word_1_361' title='bbox 1329 2213 1473 2260; x_wconf 85' lang='lat' dir='ltr'><strong>nem3</strong></span> <span class='ocrx_word' id='word_1_362' title='bbox 1502 2197 1565 2247; x_wconf 90' lang='lat' dir='ltr'><strong>ad</strong></span> <span class='ocrx_word' id='word_1_363' title='bbox 1592 2199 1809 2247; x_wconf 86' lang='lat' dir='ltr'><strong>Primam</strong></span> <span class='ocrx_word' id='word_1_364' title='bbox 1832 2195 2057 2258; x_wconf 70' lang='lat' dir='ltr'><strong>seilicet,</strong></span> <span class='ocrx_word' id='word_1_365' title='bbox 2098 2211 2203 2244; x_wconf 88' lang='lat' dir='ltr'><strong>su—</strong></span> 
     </span>
     <span class='ocr_line' id='line_1_82' title="bbox 1328 2257 2205 2332; baseline -0.001 -21"><span class='ocrx_word' id='word_1_366' title='bbox 1328 2266 1483 2312; x_wconf 88' lang='lat' dir='ltr'><strong>mitur</strong></span> <span class='ocrx_word' id='word_1_367' title='bbox 1530 2267 1689 2332; x_wconf 86' lang='lat' dir='ltr'><strong>prima</strong></span> <span class='ocrx_word' id='word_1_368' title='bbox 1744 2260 2045 2330; x_wconf 82' lang='lat' dir='ltr'><strong>Antiphona</strong></span> <span class='ocrx_word' id='word_1_369' title='bbox 2062 2297 2078 2322; x_wconf 93' lang='lat'>,</span> <span class='ocrx_word' id='word_1_370' title='bbox 2131 2257 2205 2310; x_wconf 82' lang='lat' dir='ltr'><strong>ad</strong></span> 
     </span>
     <span class='ocr_line' id='line_1_83' title="bbox 1330 2326 2204 2389; baseline -0.002 -13"><span class='ocrx_word' id='word_1_371' title='bbox 1330 2327 1551 2378; x_wconf 88' lang='lat' dir='ltr'><strong>Tertiam</strong></span> <span class='ocrx_word' id='word_1_372' title='bbox 1594 2328 1810 2379; x_wconf 88' lang='lat' dir='ltr'><strong>secunda</strong></span> <span class='ocrx_word' id='word_1_373' title='bbox 1825 2364 1839 2389; x_wconf 91' lang='lat'><strong>,</strong></span> <span class='ocrx_word' id='word_1_374' title='bbox 1876 2326 1943 2376; x_wconf 92' lang='lat' dir='ltr'><strong>ad</strong></span> <span class='ocrx_word' id='word_1_375' title='bbox 1982 2326 2204 2376; x_wconf 81' lang='lat' dir='ltr'><strong>Sextam</strong></span> 
     </span>
     <span class='ocr_line' id='line_1_84' title="bbox 1328 2392 2208 2462; baseline -0.005 -19"><span class='ocrx_word' id='word_1_376' title='bbox 1328 2396 1495 2455; x_wconf 80' lang='lat' dir='ltr'><strong>tertia,</strong></span> <span class='ocrx_word' id='word_1_377' title='bbox 1515 2392 1580 2443; x_wconf 84' lang='lat' dir='ltr'><strong>ad</strong></span> <span class='ocrx_word' id='word_1_378' title='bbox 1598 2394 1791 2444; x_wconf 84' lang='lat' dir='ltr'><strong>Nonam</strong></span> <span class='ocrx_word' id='word_1_379' title='bbox 1810 2396 2021 2462; x_wconf 86' lang='lat' dir='ltr'><strong>quinta:</strong></span> <span class='ocrx_word' id='word_1_380' title='bbox 2082 2409 2208 2440; x_wconf 82' lang='lat' dir='ltr'><strong>uar-</strong></span> 
     </span>
     <span class='ocr_line' id='line_1_85' title="bbox 1329 2461 2008 2509; baseline -0.003 -1"><span class='ocrx_word' id='word_1_381' title='bbox 1329 2466 1379 2508; x_wconf 83' lang='lat' dir='ltr'><strong>ta</strong></span> <span class='ocrx_word' id='word_1_382' title='bbox 1400 2467 1566 2508; x_wconf 86' lang='lat' dir='ltr'><strong>autem</strong></span> <span class='ocrx_word' id='word_1_383' title='bbox 1622 2461 2008 2509; x_wconf 83' lang='lat' dir='ltr'><strong>raetermittitur.</strong></span> 
     </span>
     <span class='ocr_line' id='line_1_86' title="bbox 1331 2521 2208 2574; baseline 0 -2"><span class='ocrx_word' id='word_1_384' title='bbox 1331 2527 1402 2572; x_wconf 89' lang='lat' dir='ltr'><strong>mi</strong></span> <span class='ocrx_word' id='word_1_385' title='bbox 1439 2532 1537 2573; x_wconf 88' lang='lat' dir='ltr'><strong>tres</strong></span> <span class='ocrx_word' id='word_1_386' title='bbox 1616 2542 1643 2574; x_wconf 94' lang='lat' dir='ltr'><strong>e</strong></span> <span class='ocrx_word' id='word_1_387' title='bbox 1691 2524 1965 2574; x_wconf 87' lang='lat' dir='ltr'><strong>Dominica</strong></span> <span class='ocrx_word' id='word_1_388' title='bbox 2006 2521 2094 2572; x_wconf 89' lang='lat' dir='ltr'><strong>vel</strong></span> <span class='ocrx_word' id='word_1_389' title='bbox 2136 2521 2208 2572; x_wconf 87' lang='lat' dir='ltr'><strong>de</strong></span> 
     </span>
     <span class='ocr_line' id='line_1_87' title="bbox 1332 2586 2208 2658; baseline -0.003 -20"><span class='ocrx_word' id='word_1_390' title='bbox 1332 2589 1371 2638; x_wconf 91' lang='lat' dir='ltr'><strong>F</strong></span> <span class='ocrx_word' id='word_1_391' title='bbox 1374 2592 1476 2638; x_wconf 88' lang='lat' dir='ltr'><strong>eria</strong></span> <span class='ocrx_word' id='word_1_392' title='bbox 1500 2589 1758 2652; x_wconf 86' lang='lat' dir='ltr'><strong>dicuntur,</strong></span> <span class='ocrx_word' id='word_1_393' title='bbox 1785 2597 1933 2658; x_wconf 86' lang='lat' dir='ltr'><strong>prout</strong></span> <span class='ocrx_word' id='word_1_394' title='bbox 1951 2587 2015 2637; x_wconf 86' lang='lat' dir='ltr'><strong>de</strong></span> <span class='ocrx_word' id='word_1_395' title='bbox 2034 2586 2208 2636; x_wconf 85' lang='lat' dir='ltr'><strong>alter-</strong></span> 
     </span>
     <span class='ocr_line' id='line_1_88' title="bbox 1329 2651 2211 2705; baseline -0.002 -2"><span class='ocrx_word' id='word_1_396' title='bbox 1329 2661 1441 2703; x_wconf 85' lang='lat' dir='ltr'><strong>utra</strong></span> <span class='ocrx_word' id='word_1_397' title='bbox 1469 2653 1594 2705; x_wconf 89' lang='lat' dir='ltr'><strong>dicti</strong></span> <span class='ocrx_word' id='word_1_398' title='bbox 1625 2663 1744 2705; x_wconf 87' lang='lat' dir='ltr'><strong>sunt</strong></span> <span class='ocrx_word' id='word_1_399' title='bbox 1773 2653 1847 2704; x_wconf 80' lang='lat' dir='ltr'><strong>ad</strong></span> <span class='ocrx_word' id='word_1_400' title='bbox 1872 2651 2087 2703; x_wconf 86' lang='lat' dir='ltr'><strong>Laudes.</strong></span> <span class='ocrx_word' id='word_1_401' title='bbox 2137 2651 2211 2701; x_wconf 89' lang='lat' dir='ltr'><strong>In</strong></span> 
     </span>
     <span class='ocr_line' id='line_1_89' title="bbox 1331 2717 2209 2770; baseline 0 -2"><span class='ocrx_word' id='word_1_402' title='bbox 1331 2717 1509 2769; x_wconf 86' lang='lat' dir='ltr'><strong>Officio</strong></span> <span class='ocrx_word' id='word_1_403' title='bbox 1538 2719 1851 2770; x_wconf 76' lang='lat' dir='ltr'><strong>Dominicali</strong></span> <span class='ocrx_word' id='word_1_404' title='bbox 1890 2718 2103 2768; x_wconf 87' lang='lat' dir='ltr'><strong>additur</strong></span> <span class='ocrx_word' id='word_1_405' title='bbox 2137 2717 2209 2768; x_wconf 89' lang='lat' dir='ltr'><strong>ad</strong></span> 
     </span>
     <span class='ocr_line' id='line_1_90' title="bbox 1335 2783 2211 2854; baseline 0.002 -22"><span class='ocrx_word' id='word_1_406' title='bbox 1335 2784 1553 2834; x_wconf 86' lang='lat' dir='ltr'><strong>Primam</strong></span> <span class='ocrx_word' id='word_1_407' title='bbox 1583 2795 1693 2854; x_wconf 87' lang='lat' dir='ltr'><strong>post</strong></span> <span class='ocrx_word' id='word_1_408' title='bbox 1718 2785 1939 2836; x_wconf 85' lang='lat' dir='ltr'><strong>Psalmos</strong></span> <span class='ocrx_word' id='word_1_409' title='bbox 1969 2783 2211 2849; x_wconf 85' lang='lat' dir='ltr'><strong>Symbo-</strong></span> 
     </span>
     <span class='ocr_line' id='line_1_91' title="bbox 1330 2847 2207 2918; baseline 0.001 -21"><span class='ocrx_word' id='word_1_410' title='bbox 1330 2848 1434 2898; x_wconf 90' lang='lat' dir='ltr'><strong>lum</strong></span> <span class='ocrx_word' id='word_1_411' title='bbox 1459 2851 1775 2916; x_wconf 75' lang='lat' dir='ltr'><strong>Qm&#39;cumque,</strong></span> <span class='ocrx_word' id='word_1_412' title='bbox 1807 2849 1870 2900; x_wconf 89' lang='lat' dir='ltr'><strong>de</strong></span> <span class='ocrx_word' id='word_1_413' title='bbox 1887 2866 1992 2918; x_wconf 86' lang='lat' dir='ltr'><strong>quo</strong></span> <span class='ocrx_word' id='word_1_414' title='bbox 2030 2847 2173 2898; x_wconf 69' lang='lat' dir='ltr'><strong>iufra</strong></span> <span class='ocrx_word' id='word_1_415' title='bbox 2190 2886 2207 2912; x_wconf 89' lang='lat'>‚</span> 
     </span>
    </p>
   </div>
   <div class='ocr_carea' id='block_1_8' title="bbox 1330 2929 2213 3044">
    <p class='ocr_par' dir='ltr' id='par_1_19' title="bbox 1330 2929 2213 3044">
     <span class='ocr_line' id='line_1_92' title="bbox 1330 2929 2213 3044; baseline 0 -16"><span class='ocrx_word' id='word_1_416' title='bbox 1330 2929 1632 3044; x_wconf 47' lang='lat' dir='ltr'>1¹·537boet</span> <span class='ocrx_word' id='word_1_417' title='bbox 1671 2979 1894 3030; x_wconf 83' lang='lat' dir='ltr'><strong>Psalmos</strong></span> <span class='ocrx_word' id='word_1_418' title='bbox 1914 3017 1931 3043; x_wconf 90' lang='lat'>‚</span> <span class='ocrx_word' id='word_1_419' title='bbox 1961 2978 2106 3029; x_wconf 72' lang='lat' dir='ltr'><strong>dicta</strong></span> <span class='ocrx_word' id='word_1_420' title='bbox 2142 2978 2213 3028; x_wconf 85' lang='lat' dir='ltr'><strong>ad</strong></span> 
     </span>
    </p>
   </div>
   <div class='ocr_carea' id='block_1_9' title="bbox 1328 3044 2219 3570">
    <p class='ocr_par' dir='ltr' id='par_1_20' title="bbox 1328 3044 2219 3570">
     <span class='ocr_line' id='line_1_93' title="bbox 1330 3044 2214 3114; baseline 0.002 -22"><span class='ocrx_word' id='word_1_421' title='bbox 1330 3044 1533 3112; x_wconf 85' lang='lat' dir='ltr'><strong>longum</strong></span> <span class='ocrx_word' id='word_1_422' title='bbox 1585 3045 1711 3094; x_wconf 90' lang='lat' dir='ltr'><strong>Anti</strong></span> <span class='ocrx_word' id='word_1_423' title='bbox 1750 3045 1886 3094; x_wconf 74' lang='lat' dir='ltr'><strong>hona</strong></span> <span class='ocrx_word' id='word_1_424' title='bbox 1911 3082 1926 3106; x_wconf 91' lang='lat'>,</span> <span class='ocrx_word' id='word_1_425' title='bbox 1968 3047 2214 3114; x_wconf 88' lang='lat' dir='ltr'><strong>sequitur</strong></span> 
     </span>
     <span class='ocr_line' id='line_1_94' title="bbox 1332 3109 2213 3177; baseline 0 -18"><span class='ocrx_word' id='word_1_426' title='bbox 1332 3109 1617 3177; x_wconf 82' lang='lat' dir='ltr'><strong>Capitulum</strong></span> <span class='ocrx_word' id='word_1_427' title='bbox 1639 3109 1701 3159; x_wconf 88' lang='lat' dir='ltr'><strong>de</strong></span> <span class='ocrx_word' id='word_1_428' title='bbox 1772 3113 2000 3160; x_wconf 84' lang='lat' dir='ltr'><strong>ominica</strong></span> <span class='ocrx_word' id='word_1_429' title='bbox 2032 3109 2122 3162; x_wconf 85' lang='lat' dir='ltr'><strong>vel</strong></span> <span class='ocrx_word' id='word_1_430' title='bbox 2143 3109 2213 3160; x_wconf 88' lang='lat' dir='ltr'><strong>de</strong></span> 
     </span>
     <span class='ocr_line' id='line_1_95' title="bbox 1333 3175 2215 3244; baseline 0.003 -21"><span class='ocrx_word' id='word_1_431' title='bbox 1333 3175 1476 3224; x_wconf 84' lang='lat' dir='ltr'><strong>Feria</strong></span> <span class='ocrx_word' id='word_1_432' title='bbox 1494 3211 1507 3234; x_wconf 91' lang='lat'><strong>,</strong></span> <span class='ocrx_word' id='word_1_433' title='bbox 1551 3183 1699 3242; x_wconf 87' lang='lat' dir='ltr'><strong>prout</strong></span> <span class='ocrx_word' id='word_1_434' title='bbox 1741 3175 1933 3226; x_wconf 88' lang='lat' dir='ltr'><strong>Psalmi</strong></span> <span class='ocrx_word' id='word_1_435' title='bbox 1967 3179 2215 3244; x_wconf 86' lang='lat' dir='ltr'><strong>usurpati</strong></span> 
     </span>
     <span class='ocr_line' id='line_1_96' title="bbox 1330 3239 2215 3320; baseline 0.003 -32"><span class='ocrx_word' id='word_1_436' title='bbox 1330 3249 1449 3288; x_wconf 87' lang='lat' dir='ltr'><strong>sunt</strong></span> <span class='ocrx_word' id='word_1_437' title='bbox 1476 3239 1539 3289; x_wconf 89' lang='lat' dir='ltr'><strong>de</strong></span> <span class='ocrx_word' id='word_1_438' title='bbox 1560 3239 1827 3302; x_wconf 80' lang='lat' dir='ltr'><strong>alterutra3</strong></span> <span class='ocrx_word' id='word_1_439' title='bbox 1870 3248 2088 3320; x_wconf 84' lang='lat' dir='ltr'><strong>excepto</strong></span> <span class='ocrx_word' id='word_1_440' title='bbox 2123 3249 2215 3291; x_wconf 88' lang='lat' dir='ltr'><strong>to-</strong></span> 
     </span>
     <span class='ocr_line' id='line_1_97' title="bbox 1332 3303 2213 3376; baseline 0.003 -23"><span class='ocrx_word' id='word_1_441' title='bbox 1332 3312 1383 3353; x_wconf 88' lang='lat' dir='ltr'><strong>to</strong></span> <span class='ocrx_word' id='word_1_442' title='bbox 1412 3303 1654 3372; x_wconf 88' lang='lat' dir='ltr'><strong>Tempore</strong></span> <span class='ocrx_word' id='word_1_443' title='bbox 1689 3303 1921 3355; x_wconf 82' lang='lat' dir='ltr'><strong>Paschali</strong></span> <span class='ocrx_word' id='word_1_444' title='bbox 1945 3343 1960 3367; x_wconf 91' lang='lat'>,</span> <span class='ocrx_word' id='word_1_445' title='bbox 1996 3324 2058 3356; x_wconf 89' lang='lat' dir='ltr'><strong>m</strong></span> <span class='ocrx_word' id='word_1_446' title='bbox 2100 3323 2213 3376; x_wconf 90' lang='lat' dir='ltr'><strong>quo</strong></span> 
     </span>
     <span class='ocr_line' id='line_1_98' title="bbox 1328 3367 2215 3438; baseline 0.006 -21"><span class='ocrx_word' id='word_1_447' title='bbox 1328 3367 1513 3437; x_wconf 76' lang='lat' dir='ltr'><strong>legitur</strong></span> <span class='ocrx_word' id='word_1_448' title='bbox 1544 3368 1773 3438; x_wconf 87' lang='lat' dir='ltr'><strong>quotidie</strong></span> <span class='ocrx_word' id='word_1_449' title='bbox 1808 3369 1875 3420; x_wconf 89' lang='lat' dir='ltr'><strong>Ca</strong></span> <span class='ocrx_word' id='word_1_450' title='bbox 1914 3371 2111 3421; x_wconf 86' lang='lat' dir='ltr'><strong>itulum</strong></span> <span class='ocrx_word' id='word_1_451' title='bbox 2148 3370 2215 3422; x_wconf 91' lang='lat' dir='ltr'><strong>de</strong></span> 
     </span>
     <span class='ocr_line' id='line_1_99' title="bbox 1331 3433 2219 3486; baseline 0.005 -4"><span class='ocrx_word' id='word_1_452' title='bbox 1331 3433 1599 3483; x_wconf 88' lang='lat' dir='ltr'><strong>Dominica</strong></span> <span class='ocrx_word' id='word_1_453' title='bbox 1619 3433 1831 3485; x_wconf 86' lang='lat' dir='ltr'><strong>:deinde</strong></span> <span class='ocrx_word' id='word_1_454' title='bbox 1914 3435 1994 3486; x_wconf 87' lang='lat' dir='ltr'><strong>br.</strong></span> <span class='ocrx_word' id='word_1_455' title='bbox 2006 3439 2219 3486; x_wconf 72' lang='lat' dir='ltr'><strong>Christo</strong></span> 
     </span>
     <span class='ocr_line' id='line_1_100' title="bbox 1329 3496 2218 3570; baseline 0.004 -23"><span class='ocrx_word' id='word_1_456' title='bbox 1329 3499 1457 3557; x_wconf 79' lang='lat' dir='ltr'><strong>Fili,</strong></span> <span class='ocrx_word' id='word_1_457' title='bbox 1485 3496 1628 3568; x_wconf 86' lang='lat' dir='ltr'><strong>cujus</strong></span> <span class='ocrx_word' id='word_1_458' title='bbox 1648 3498 1836 3551; x_wconf 82' lang='lat' dir='ltr'><strong>Versus</strong></span> <span class='ocrx_word' id='word_1_459' title='bbox 1856 3503 2093 3553; x_wconf 83' lang='lat' dir='ltr'><strong>variatur</strong></span> <span class='ocrx_word' id='word_1_460' title='bbox 2120 3517 2218 3570; x_wconf 86' lang='lat' dir='ltr'><strong>pro</strong></span> 
     </span>
    </p>
   </div>
   <div class='ocr_carea' id='block_1_10' title="bbox 2088 2456 2275 2506">
    <p class='ocr_par' dir='ltr' id='par_1_21' title="bbox 2088 2456 2275 2506">
     <span class='ocr_line' id='line_1_101' title="bbox 2088 2456 2275 2506; baseline -0.011 0"><span class='ocrx_word' id='word_1_461' title='bbox 2088 2456 2275 2506; x_wconf 87' lang='lat' dir='ltr'><strong>sal—.</strong></span> 
     </span>
    </p>
   </div>
  </div>
 </body>
</html>
