2392 4050
608 169 828 220 cisonzs
848 165 1067 208 maon.
1100 167 1119 206 1
1145 165 1272 206 ros'r
1300 161 1508 205 rascas.

1092 249 1951 290 Erum-G

170 251 359 309 cordis
416 251 633 315 affectu,
678 267 794 305 non
848 251 1024 306 solinu

170 329 423 399 corpore,
448 325 643 380 adesse.

356 421 563 476 FERIA
596 419 839 474 SEXTA.

232 512 313 564 Ex
351 507 597 563 Concilio
627 503 969 560 Lateranensi

297 589 505 651 quarm.
540 581 693 636 1215.
719 598 759 632 c.
798 597 878 647 17.

179 614 350 710 Sum·
387 652 687 724 P'msbyteri
720 652 814 720 qui
847 649 1029 703 Missa-

174 741 303 780 rum
343 725 616 792 colebrant
646 723 910 778 solemnia
948 721 1032 774 vix

176 807 372 870 quater
390 801 448 852 in
474 814 617 853 anno
642 817 656 860 3
682 803 738 851 et
764 795 913 866 quod
938 793 1030 848 de-

178 873 350 926 terius
381 880 478 936 est,
504 872 760 925 interesse
786 875 1031 922 contem-

178 952 329 998 nunt
376 967 389 997 ε
437 951 488 998 et
524 945 566 998 si
605 942 825 1012 quando
844 981 859 1004 ‚
898 941 1030 994 dum

176 1017 300 1072 haec
334 1017 693 1078 celebrantur,
729 1016 998 1068 intersunt
1012 1051 1026 1074 ‚

180 1089 351 1144 Chori
406 1089 678 1144 silentium
736 1087 997 1156 fugientes
1012 1124 1027 1148 ‚

176 1163 477 1218 intendunt
521 1161 747 1216 extoriils
794 1160 1031 1212 collocu-

180 1235 423 1290 tionibus
448 1234 737 1289 Laicorum
757 1251 771 1293 3
793 1232 1035 1300 dumque

181 1307 437 1363 auditum
494 1307 563 1361 ad
608 1305 881 1360 indebitos
927 1320 1035 1357 ser-

182 1382 380 1436 mones
416 1380 705 1434 effundunt
728 1418 742 1441 ,
771 1393 923 1431 aures
958 1377 1036 1428 in·

183 1460 363 1509 tentas
390 1469 505 1506 non
578 1451 828 1520 orrigunt
860 1450 928 1502 ad
964 1449 1038 1502 di·

180 1526 329 1582 vina.
377 1529 506 1580 Haec
562 1525 708 1595 gitur
750 1530 804 1576 et
844 1521 1041 1574 similia

182 1599 289 1654 sub
314 1614 478 1671 poena
502 1594 865 1668 suspensionis
885 1595 1039 1666 peni-

185 1678 275 1726 tus
300 1671 626 1726 inhibemus

446 1764 783 1820 SABBATO.

222 1858 307 1908 Ex
333 1850 577 1904 Concilio
610 1848 1003 1902 Cameracensi-

322 1925 478 1978 1565.
513 1924 593 1976 iit.
625 1925 676 1976 6.
706 1941 747 1977 c.
785 1941 807 1976 ι
840 1931 890 1974 et
917 1939 966 1975 2.

188 1957 533 2088 chuuoun
582 1995 651 2051 ad
696 1995 1041 2051 tremendum

182 2075 363 2129 Missae
388 2068 713 2125 sacrificium
744 2070 1037 2130 accesserit,

186 2146 233 2197 is
272 2145 330 2199 in
361 2143 551 2216 primis
572 2150 818 2197 mentem
850 2158 1043 2214 puram

192 2225 247 2271 et
287 2224 542 2271 attentam
578 2216 645 2269 ad
683 2216 819 2269 tanti
866 2216 1044 2267 Sacra-

192 2290 369 2344 menti
412 2288 723 2359 mysterium
742 2308 747 2311 ·
764 2286 1045 2356 perficien-

199 2364 335 2417 dum
366 2362 580 2422 afferam
613 2375 717 2412 nec
748 2358 857 2410 nisi
884 2356 1047 2411 bonae

200 2434 545 2490 consciontiae
578 2430 889 2487 testimonio
918 2445 1047 2499 prae-

204 2508 375 2569 ditus,
424 2515 479 2561 et
519 2503 839 2560 Poenitontia
886 2517 1048 2555 sacra·

204 2581 451 2643 mentali,
500 2580 541 2633 si
588 2592 803 2633 necesse
856 2573 1042 2636 faerit,

202 2654 533 2726 praeparatus
572 2659 627 2707 et
656 2648 915 2723 probatus
932 2688 947 2711 ,
989 2664 1051 2701 ac

206 2727 388 2783 dehita
406 2724 649 2781 oratione
670 2723 819 2796 prins
836 2736 1049 2775 accom-

204 2800 473 2861 modatus,
502 2797 571 2855 ad
602 2795 843 2867 corporis
865 2800 919 2847 et
942 2796 1050 2847 san-

206 2874 387 2944 guinis
406 2870 601 2927 Christi
629 2866 932 2923 venerabile
960 2869 1051 2920 Sa-

208 2952 545 3002 cramentum
586 2946 705 2997 Deo
738 2941 885 2995 Patri
921 2941 1052 2995 offe-

208 3019 441 3075 rendum
472 3032 543 3071 ·sc
582 3014 845 3071 conferat.
891 3012 1055 3067 Valde

207 3093 595 3165 praeposterum
656 3095 710 3143 et
769 3087 1054 3157 indignum

212 3165 363 3237 qnod
379 3163 543 3221 velint
558 3161 871 3217 Sacerdotes
894 3161 924 3213 a
947 3160 1056 3213 Lai-

211 3240 289 3295 cis
322 3236 673 3292 reverentiam
707 3234 835 3287 huic
872 3236 1057 3287 Sacra-

212 3318 402 3367 mento
424 3308 685 3371 exhibori‚
720 3322 823 3360 nec
852 3306 958 3378 ipsi
981 3312 1059 3358 ta-

1833 146 1950 200 cxix

1266 315 1676 380 DOMINIGA
1717 315 1781 380 ΙΙ

1206 411 1424 464 rosr
1485 409 1838 460 rasan.

1156 543 1236 595 Ex
1261 537 1508 594 Concilio
1543 533 1886 594 Tridentino.

1308 613 1465 666 1562.
1493 611 1634 664 Sm.
1657 627 1747 665 22.

1177 686 1328 740 Deor.
1359 682 1417 736 dc
1449 683 1642 738 observ.
1677 683 1730 736 ἰη
1758 684 1817 736 M
1823 683 1944 738 issa.

1102 715 1372 813 Cavm‘r
1393 755 1667 828 Episcopi,
1681 771 1755 808 ne
1773 756 1950 810 Sacer·

1102 830 1254 884 dotes
1289 829 1408 884 aliis
1439 829 1600 899 quam
1625 825 1822 882 debitis
1852 827 1949 880 ho-

1102 902 1175 955 ris
1188 902 1484 965 celebrent,
1507 905 1642 954 neve
1666 898 1799 953 ritus
1824 900 1953 952 alios

1104 984 1194 1029 aut
1209 975 1338 1029 alias
1349 972 1688 1028 caerimonias
1699 978 1754 1026 et
1771 986 1954 1041 preces

1103 1049 1163 1101 in
1187 1049 1471 1102 Missarum
1490 1043 1852 1102 celebratione
1867 1042 1953 1097 ad-

1104 1120 1346 1184 hibeant,
1384 1125 1582 1191 praeter
1621 1132 1708 1170 eas
1733 1131 1856 1185 quae
1881 1113 1955 1168 ab

1104 1194 1338 1248 Ecclesia
1347 1190 1591 1264 probatae
1605 1205 1669 1244 ac
1681 1188 1957 1258 frequenti

1107 1273 1163 1321 et
1179 1265 1440 1320 laudabili
1467 1279 1568 1316 usu
1587 1269 1816 1333 receptae
1841 1259 1955 1314 foe·

1106 1339 1236 1393 rint.
1273 1339 1520 1393 Doceant
1539 1335 1806 1406 populum
1839 1333 1962 1402 quis

1108 1413 1196 1475 sit,
1221 1416 1274 1465 et
1297 1413 1328 1464 a
1351 1425 1462 1480 quo
1484 1407 1822 1478 potissimum
1842 1420 1961 1477 pro-

1108 1485 1292 1538 voniat
1317 1479 1640 1538 sanctissimi
1674 1479 1840 1549 hujus
1879 1494 1960 1532 sa-

1108 1555 1304 1611 crificii
1372 1563 1485 1610 tam
1554 1551 1820 1624 pretiosus
1898 1567 1963 1604 ac

1111 1628 1344 1684 coelestis
1395 1628 1604 1682 fructus
1646 1646 1662 1678 ε
1703 1625 1966 1679 moneant

1112 1701 1274 1757 etiam
1301 1700 1552 1755 eumdem
1578 1699 1874 1770 populum,
1904 1701 1964 1748 ut

1114 1775 1436 1844 frequenter
1449 1771 1518 1826 ad
1529 1786 1648 1824 suas
1659 1767 1959 1842 parochias,

1114 1847 1304 1900 saltem
1345 1843 1538 1900 diebus
1573 1841 1881 1898 Dominicis
1915 1847 1968 1896 et

1113 1917 1414 1989 majoribus
1435 1915 1620 1979 FestiS,
1647 1913 1923 1970 accedant.

1254 1993 1462 2048 FERIA
1495 1990 1829 2045 SECUNDA.

1113 2070 1190 2122 Ex
1265 2064 1510 2121 Concilio
1577 2062 1969 2118 Mediolanensi

1147 2137 1480 2267 Pfimgt’ssmb
1503 2143 1706 2263 sancto!
1714 2136 1924 2261 gazolo.

1257 2231 1278 2267 1
1327 2264 1330 2267 .
1399 2252 1414 2269 .
1479 2231 1542 2265 ar
1565 2248 1581 2265 .
1607 2227 1657 2264 2.
1709 2229 1725 2260 ι
1751 2248 1766 2263 .
1837 2246 1852 2263 .

1115 2249 1324 2340 Massa
1382 2232 1488 2337 nee:
1545 2287 1667 2335 ante
1723 2281 1970 2337 auroram

1116 2373 1222 2409 nec
1253 2362 1376 2426 post
1412 2352 1698 2407 meridiem
1719 2391 1734 2414 ‚
1767 2351 1872 2405 nisi
1908 2366 1974 2403 ex

1118 2443 1278 2482 causa
1321 2428 1450 2496 jure
1495 2424 1780 2498 permissa,
1834 2423 1971 2476 cele-

1118 2500 1366 2554 brentur.
1403 2500 1480 2552 Ne
1522 2496 1751 2551 Parochi
1791 2496 1971 2564 cujus-

1121 2589 1286 2643 quam
1299 2571 1487 2641 gratia,
1505 2569 1742 2631 metove,
1757 2568 1972 2621 Missam
2059 2580 2074 2589 ·

1126 2645 1538 2717 (parochialem)
1563 2640 1861 2713 anticipent
1885 2645 1978 2691 aut

1122 2719 1402 2780 differant;
1433 2716 1528 2772 sed
1553 2716 1703 2769 illam
1731 2717 1794 2767 ea
1815 2710 1976 2785 potis-

1123 2792 1324 2847 simiim
1348 2791 1484 2845 hora
1515 2786 1796 2846 celebrent
1812 2826 1828 2850 ,
1854 2800 1977 2855 quse

1121 2867 1328 2939 populo
1359 2862 1536 2933 magis
1569 2858 1980 2917 accommodata

1126 2939 1212 2994 sit.

1295 3009 1500 3063 FERIA
1535 3005 1812 3061 TERTIA.

1127 3086 1206 3137 Ex
1235 3086 1278 3137 E
1320 3080 1474 3135 istola
1497 3077 1666 3134 sancti
1696 3074 1984 3145 Augustini

1201 3097 1456 3228 Episcopi
1477 3152 1546 3207 ad
1569 3150 1903 3205 ianuarium.

1284 3228 1436 3283 Circa
1457 3228 1584 3291 400.
1608 3244 1659 3279 n.
1691 3243 1725 3293 7·
1743 3232 1792 3277 et
1817 3222 1869 3276 8,

1129 3262 1392 3361 Lioumo
1457 3299 1712 3371 apparet,
1767 3292 1988 3363 quando

214 3400 343 3439 men
400 3380 646 3437 moribus
690 3385 747 3433 et
802 3379 1062 3447 religione
1129 3376 1374 3447 primiim
1397 3374 1723 3443 acceporunt
1742 3365 1992 3439 discipuli

214 3463 305 3512 sua
332 3454 697 3511 exhibendam·
710 3452 997 3509 declarent.

1135 3464 1334 3520 corpus
1341 3455 1395 3503 et
1407 3444 1726 3516 sanguinem
1739 3440 1964 3497 Domini
1971 3474 1998 3503 ,·
