2392 4050
487 304 1055 391 PRAEFATIO
1105 305 1660 394 ASCETIGA

727 498 821 560 IN
860 499 1410 563 PSALTERIUM.

191 789 442 889 Qnmouu»
470 825 533 870 in
553 825 733 874 ceteris
754 823 1025 891 Scripturas
1051 824 1195 874 libris
1221 825 1348 876 utile
1375 834 1478 890 est,
1499 844 1630 878 unus
1657 829 1959 880 Psalmonun

186 911 299 962 liber
328 912 706 982 complectitur.
740 913 967 965 Psalmus
994 917 1338 986 tranquillitas
1374 928 1449 969 est
1481 923 1763 972 animarum
1788 942 1798 971 :
1827 927 1964 991 pavis

184 1003 369 1068 arbiter,
400 1005 741 1057 tumultuosas
774 1006 1187 1079 turbulentasque
1222 1013 1552 1080 cogitationes
1585 1017 1855 1083 compescit
1859 1051 1960 1064 .....

184 1095 431 1148 Daemones
466 1098 698 1148 Psalmus
724 1097 893 1168 fugat,
912 1103 1117 1151 accersit
1133 1102 1441 1171 Angelorum
1473 1108 1840 1172 patrocinium,
1865 1109 1964 1155 mi·-

184 1193 345 1241 nistrat
372 1209 521 1241 arma
541 1200 718 1242 contra
745 1201 1014 1244 nocturnos
1047 1197 1253 1244 timores
1272 1217 1285 1258 3
1305 1195 1598 1247 diurnorum
1631 1197 1861 1248 laborum
1893 1210 1966 1249 est

186 1287 381 1352 requies,
402 1284 693 1335 infantium
716 1289 969 1350 securitas,
992 1297 1346 1338 ornamentum
1362 1287 1629 1357 juvenum,
1654 1308 1829 1341 senum
1846 1310 1968 1343 cor»-

184 1376 367 1440 solatio‚
402 1381 952 1430 convenientissimum
986 1379 1257 1430 mulierum
1286 1379 1436 1432 decus
1441 1417 1541 1431 .....
1581 1383 1805 1434 Psalmus
1832 1388 1969 1434 inci-

186 1469 421 1534 pientibus
441 1473 665 1520 initium
688 1478 762 1520 est
775 1508 790 1533 ,
810 1474 1177 1522 incrementum
1201 1471 1604 1540 proficientibuS,
1625 1473 1859 1544 perfectis
1880 1476 1970 1526 fir-

186 1570 549 1613 mamentum...
568 1563 795 1613 Psalmus
812 1563 1117 1632 Angelorum
1138 1580 1263 1633 opus
1283 1574 1376 1628 est,
1403 1565 1618 1617 coelestis
1637 1572 1966 1630 conver-satie,

184 1656 431 1720 spirituale
462 1654 753 1722 thymiama
757 1692 859 1706 .....
885 1655 1025 1724 Quid
1055 1655 1174 1708 inde
1207 1656 1396 1709 discere
1430 1675 1534 1709 non
1561 1661 1751 1730 queas?
1786 1661 1828 1711 N
1833 1678 1966 1712 omn

182 1742 489 1799 fortitudinis
518 1746 875 1798 claritudinem
890 1749 915 1800 ἶ)
932 1765 1101 1799 nonne
1124 1748 1336 1818 justitiae
1363 1753 1704 1819 integritatem
1720 1790 1734 1815 ,
1756 1757 1969 1822 gravita-

184 1849 271 1890 tem
298 1843 685 1910 temperantiae,
710 1839 988 1909 prudentiae
1014 1827 1410 1910 perfectionem?
1447 1842 1626 1894 Nonne
1653 1848 1967 1912 poenitentia

186 1931 371 1983 modum
390 1970 411 1995 ,
435 1941 527 1983 aut
556 1927 817 2002 patientiae
844 1932 1167 1984 mensuram?
1190 1950 1360 1984 nonne
1396 1933 1598 1984 tandem
1628 1937 1800 1984 omnia
1828 1953 1968 2008 quae-

186 2042 386 2095 cumque
422 2023 636 2094 proferri
664 2035 876 2092 possunt
904 2025 1071 2076 bona?
1105 2026 1202 2076 Hic
1236 2023 1454 2096 perfecta
1476 2025 1756 2097 theologia,
1788 2026 1874 2079 hic
1905 2028 1966 2077 de

188 2117 357 2169 Christi
378 2123 446 2169 in
466 2135 671 2169 carnem
692 2118 913 2170 adventu
935 2121 1234 2172 vaticinium
1253 2142 1265 2182 5
1291 2118 1377 2169 hic
1406 2124 1734 2174 comminatio
1751 2119 1931 2191 judicii
1952 2160 1964 2182 ,

187 2215 555 2263 resurrectionis
582 2228 713 2281 spes,
738 2214 889 2261 timor
914 2212 1173 2281 supplicii,
1195 2212 1363 2281 gloriae
1383 2216 1752 2284 promissiones,
1777 2222 1970 2281 myste-

186 2306 359 2355 riorum
388 2302 641 2355 revelatio
662 2322 673 2352 :
694 2306 867 2354 omnia
897 2306 955 2352 in
992 2303 1302 2353 Psalmorum
1330 2303 1462 2354 libro
1477 2341 1492 2367 ‚
1525 2303 1668 2357 velut
1699 2307 1755 2353 in
1789 2310 1970 2373 magno

191 2404 239 2443 et
254 2400 506 2446 communi
522 2398 887 2465 promptuari0‚
904 2393 1262 2447 reconduntur.
1285 2394 1340 2445 S.
1364 2394 1528 2445 Basa..
1552 2397 1732 2446 Homil.
1753 2400 1810 2445 iu
1827 2398 1912 2446 Ρε.
1933 2414 1966 2446 ι.

252 2514 375 2580 Qum
390 2516 595 2566 Psalmo
615 2515 835 2584 gratius?
858 2514 1081 2565 Psalmus
1098 2512 1390 2565 benedictio
1410 2513 1584 2583 populi
1605 2521 1698 2576 est,
1723 2513 1967 2576 Bellene,

184 2606 339 2673 plebis
356 2608 610 2671 laudati0,
628 2608 830 2678 plausus
848 2610 1097 2671 omnium,
1115 2622 1276 2657 sermo
1297 2609 1663 2667 universorum,
1683 2622 1782 2657 vox
1801 2604 1971 2655 Eccle-

183 2700 265 2748 ⁸2⁸ae
278 2737 293 2760 ,
318 2700 443 2751 fidei
462 2716 647 2751 canora
664 2697 907 2749 confessio
920 2738 937 2763 ,
956 2702 1270 2749 auctoritatis
1294 2696 1443 2766 plena
1471 2696 1674 2749 devotio
1685 2735 1701 2762 ,
1722 2696 1973 2747 libertatis

186 2790 359 2842 laetitia
374 2831 388 2855 ‚
432 2792 623 2843 clamor
652 2789 989 2862 jucunditatis
1001 2807 1025 2854 ,¹
1045 2791 1240 2841 laetitiae
1275 2789 1553 2841 resultatio.
1592 2790 1674 2839 Ab
1710 2788 1970 2840 iracundia

184 2888 408 2954 mitigat,
427 2886 457 2935 a
476 2884 824 2937 sollicitudine
851 2882 1077 2946 abdicat,
1102 2883 1131 2932 a
1151 2898 1360 2933 moerore
1381 2882 1564 2933 allevat
1571 2918 1670 2931 .....
1692 2881 1814 2931 Diei
1835 2890 1972 2931 ortus

190 2979 445 3029 Psalmnm
474 2978 716 3041 resultat,
754 2978 1005 3030 Psalmum
1034 2983 1234 3027 resonat
1262 2990 1459 3025 occasus
1464 3010 1565 3023 .....
1595 2972 1820 3023 Psalmus
1846 2990 1971 3023 can-

191 3078 325 3121 natm
342 3071 408 3120 ab
433 3069 845 3141 imperatoribus,
856 3068 1109 3138 jubilatur
1124 3066 1154 3117 a
1174 3066 1390 3136 populis.
1414 3065 1619 3115 Certant
1636 3064 1850 3116 clamare
1866 3068 1974 3115 sin-

189 3162 295 3228 guli
316 3163 452 3231 quod
472 3161 709 3214 omnibus
723 3160 941 3231 proficit.
960 3160 1114 3211 Domi
1135 3159 1361 3209 Psalmus
1381 3160 1598 3219 canitur,
1619 3154 1737 3206 foris
1756 3172 1978 3207 recense·-

192 3262 290 3301 tur.
332 3254 453 3305 Sine
484 3234 657 3305 labore
687 3256 981 3323 percipitur,
1016 3268 1131 3303 cum
1170 3250 1430 3317 voluptate
1468 3256 1709 3298 servatur.
1751 3246 1975 3297 Psalmus

190 3344 489 3397 dissidentes
518 3346 722 3415 copulat
736 3384 751 3408 ,
771 3343 1019 3395 discordes
1045 3346 1202 3393 sociat
1219 3380 1233 3406 ,
1269 3342 1481 3392 offensos
1509 3339 1819 3391 reconciliat.
1861 3336 1914 3387 M
1922 3356 1980 3386 a-

198 3453 348 3501 gnum
372 3438 521 3507 plane
548 3442 763 3489 unitatis
782 3438 1044 3489 vinculum
1058 3474 1073 3500 ,
1098 3439 1157 3487 in
1177 3452 1336 3485 unum
1367 3432 1575 3485 chorum
1603 3436 1758 3483 totius
1793 3446 1978 3479 nume-
