2392 4050
440 199 510 250 50

438 296 540 349 bus
556 334 570 358 ,
611 293 785 348 trihus
816 295 1068 353 Dominiz
1090 294 1115 322 ¹*
1153 295 1295 348 testi·

440 367 692 422 monium
716 368 875 418 Israel
893 407 909 430 ‚
941 367 1010 421 ad
1042 366 1295 420 confiten-

443 443 575 497 dum
593 439 810 493 nomini
833 440 1072 494 Domini.

517 514 658 578 Quia
701 513 816 566 illic
851 514 1107 568 sederunt
1145 512 1299 566 sedes

442 589 502 641 in
523 585 734 656 judicio
753 626 768 647 ‚
790 586 816 614 ³*
841 585 991 639 sedes
1015 601 1176 658 super
1206 587 1298 642 do-

442 677 593 716 mum
619 658 810 714 David.

516 734 719 803 Rogate
737 747 858 802 quae
879 733 948 787 ad
962 747 1152 803 pacem
1171 741 1299 785 sunt

446 807 771 864 Jerusalemz
803 805 830 833 ⁴*
863 811 917 858 et
965 804 1298 859 abundantia

447 877 796 948 diligentibus
820 883 890 930 te.

518 953 637 1006 Fiat
652 966 760 1020 pax
774 952 834 1004 in
845 951 1038 1004 virtute
1057 957 1149 1005 tua
1161 991 1177 1016 ,
1193 951 1220 980 ¹*
1247 959 1300 1006 et

447 1024 780 1078 abundantia
799 1024 858 1077 in
876 1023 1115 1078 uin-ihus
1132 1026 1254 1079 tuis.

513 1101 744 1168 Propter
795 1096 984 1150 frah-es
1041 1114 1192 1151 meos
1246 1103 1300 1152 et

445 1171 724 1241 proximos
763 1185 945 1232 meos,
974 1170 1001 1198 ⁴*
1041 1169 1300 1241 loquebar

445 1258 636 1313 pacem
655 1245 722 1298 de
747 1251 815 1296 te.

515 1319 742 1388 Propter
792 1317 1018 1371 domum
1072 1316 1299 1370 Domini

445 1391 549 1444 Dei
561 1389 750 1450 nostri,
756 1387 1292 1458 *quaesivihonatibi.

581 1470 588 1478 ·
673 1465 902 1516 Ρεᾼιιιυε
933 1463 1050 1514 152.

445 1473 614 1591 Ecca
627 1537 792 1603 quam
809 1533 1049 1596 honum,
1065 1540 1121 1587 et
1136 1535 1299 1602 qnam

442 1609 750 1675 jucundum
769 1647 784 1670 ,
805 1607 830 1633 ¹*
849 1605 1096 1662 habitare
1113 1607 1301 1661 fratres

445 1683 504 1736 in
529 1687 734 1734 unum!

519 1754 670 1807 Sicut
719 1760 1058 1822 unguentum
1110 1753 1169 1806 in
1220 1754 1301 1806 ca·

446 1827 585 1898 pite„
597 1826 624 1854 ¹*
644 1825 794 1894 quod
813 1825 1090 1879 descendit
1105 1827 1166 1880 in
1183 1825 1301 1880 bar·

446 1899 572 1954 bam
590 1939 605 1962 ,
626 1897 856 1954 barbam
876 1903 1058 1952 Aaron
1076 1922 1091 1959 ς

522 1973 686 2037 Quod
723 1972 1003 2027 descendit
1041 1973 1102 2026 in
1144 1987 1297 2027 oram

449 2046 749 2099 vestimenti
791 2047 938 2115 ejus:
973 2046 998 2074 ⁵*
1035 2046 1174 2099 sicut
1212 2062 1303 2099 ros

449 2123 688 2183 Hermon
706 2157 721 2180 ‚
757 2118 872 2187 .qui
919 2118 1196 2174 descendit
1242 2120 1301 2172 in

448 2198 692 2245 montem
718 2190 852 2245 Sion
875 2211 888 2240 ι

481 2323 491 2332 .
523 2264 796 2328 Quoniam
861 2262 973 2315 illic
1027 2265 1304 2319 mandavit

449 2337 720 2392 Dominus
760 2334 1196 2391 benedictionem
1216 2377 1231 2400 ‚
1275 2338 1302 2366 ⁴*

446 2417 500 2465 et
521 2410 684 2463 vitam
701 2424 870 2478 usque
888 2408 946 2462 in
971 2410 1233 2464 seculum.

684 2485 914 2536 Psunus
943 2483 1062 2546 140.

450 2518 733 2621 Donum,
799 2556 1024 2609 clamavi
1085 2555 1156 2609 ad
1208 2562 1298 2618 te,

450 2630 642 2684 exaudi
691 2645 812 2687 me,
851 2628 879 2655 ⁵*
919 2627 1142 2681 intende
1183 2629 1303 2681 voci

449 2717 586 2755 meae
604 2740 619 2762 ‚
651 2702 778 2753 ciim
798 2668 1098 2752 ⁹clamavero
1127 2700 1194 2753 ad
1212 2708 1278 2754 te.

521 2771 799 2841 Dirigatur
820 2772 994 2825 oratio
1018 2788 1146 2825 mea
1169 2773 1305 2826 sicut

452 2846 732 2899 incensum
749 2845 807 2897 in
829 2853 1119 2915 conspectu
1137 2853 1233 2898 tuo
1248 2846 1304 2897 t*

451 2917 674 2971 elevatio
717 2918 982 2969 manuum
1023 2920 1298 2983 mearum,

452 2989 778 3052 sacrificium
800 2988 1178 3059 vespertinum.

521 3065 674 3117 Pone
687 3103 701 3125 ,
717 3062 982 3125 Domine,
1003 3063 1303 3117 custodiam

453 3136 536 3187 ori
561 3151 682 3188 meo
699 3176 713 3197 ‚
737 3135 763 3163 ³*
789 3142 844 3187 et
861 3135 1058 3189 ostium
1077 3137 1305 3191 circum-

450 3208 657 3263 stantiae
678 3206 832 3261 labiis
855 3208 1003 3262 meis.

524 3282 643 3333 Non
668 3280 906 3335 declines
929 3296 1025 3336 cor
1039 3298 1226 3335 meum
1243 3283 1301 3337 in

451 3351 612 3407 verba
620 3352 886 3415 malitiae,*
897 3353 966 3407 ad
978 3356 1304 3411 excusandas

451 3427 816 3491 excusationes
839 3428 898 3479 in
915 3430 1149 3497 peccatis
1164 3469 1178 3492 ,

525 3503 660 3554 Cum
694 3498 1012 3557 hominihus
1034 3501 1301 3572 operanti-

977 214 1120 251 mu
1143 213 1327 251 mna
1349 213 1411 250 ΔΙ)
1434 211 1681 252 VESPERAS.

1365 293 1467 347 bus
1498 295 1882 364 -iniquitatemz
1916 293 1944 322 ³*
2000 300 2057 348 et
2117 307 2241 348 non

1367 365 1784 422 communicabo
1846 383 1974 420 cum
2044 367 2245 422 electis

1366 442 1572 494 eorum.

1440 511 1705 584 Corripiet
1712 527 1801 565 me
1809 513 1989 582 justus
2001 512 2065 566 in
2078 513 2243 566 mise-

1366 585 1601 640 ricordia
1615 625 1631 648 ‚
1657 593 1711 640 et
1728 585 2036 657 increpabit
2058 601 2157 639 me
2176 607 2193 636 2
2216 586 2243 612 ⁴*

1368 658 1550 712 oleum
1583 665 1759 712 autem
1783 659 2089 730 peccatoris
2118 675 2243 712 non

1368 731 1668 802 impinguet
1686 740 1847 802 caput
1864 747 2059 785 meum
2078 755 2091 783 ε

1442 805 1717 867 Quoniam
1750 805 1931 860 adhuc
1968 812 2025 858 et
2052 804 2244 858 oratio

1368 877 1527 930 mea*
1552 878 1610 930 in
1634 876 1993 948 beneplacitis
2012 879 2237 932 eorum.

1442 949 1697 1023 Absor-pti
1720 958 1843 1005 sunt
1862 950 2047 1020 juncti
2064 957 2243 1022 petrae

1364 1023 1577 1091 jndices
1594 1024 1784 1078 eorum
1804 1025 1860 1074 ε’*
1876 1023 2107 1076 audient
2122 1039 2242 1076 ver-

1368 1096 1438 1150 ba
1456 1111 1605 1159 mea,
1630 1097 1890 1165 quoniam
1906 1093 2236 1168 potuerunt.

1440 1169 1593 1222 Sicut
1616 1169 1911 1223 crassitudo
1932 1177 2094 1223 terrae
2114 1185 2239 1221 eru·

1368 1248 1462 1313 pta
1488 1250 1565 1296 est
1588 1257 1749 1312 super
1784 1249 1984 1295 terram
1998 1282 2014 1304 ,
2032 1243 2059 1269 ³*
2089 1241 2243 1296 dissi-

1369 1317 1497 1384 pata
1532 1321 1659 1367 sunt
1699 1331 1819 1370 ossa
1853 1323 2041 1368 nostra
2080 1330 2247 1368 secus

1369 1387 1659 1442 infernum.

1446 1462 1587 1524 Quia
1612 1460 1681 1514 ad
1704 1469 1787 1523 te,
1816 1460 2058 1514 Domine
2075 1500 2092 1523 ‚
2128 1461 2243 1514 Do-

1370 1533 1547 1597 mine,
1574 1535 1720 1588 oculi
1744 1535 1883 1587 meix
1908 1534 1935 1562 ⁴*
1953 1534 2013 1587 in
2040 1540 2099 1586 te
2122 1549 2243 1604 spe-

1371 1607 1515 1666 raviz
1560 1623 1674 1661 non
1725 1606 1935 1660 auferas
1988 1606 2243 1659 animam

1370 1695 1569 1734 meam.

1444 1753 1665 1807 Custodi
1688 1769 1777 1806 me
1796 1755 1825 1806 a
1844 1753 2041 1823 laqueo
2070 1768 2244 1822 quem

1373 1829 1671 1880 statuerunt
1681 1826 1818 1879 mihi
1830 1866 1844 1889 ,
1862 1827 1889 1854 ⁴*
1902 1835 1957 1882 et
1969 1829 2000 1880 a
2012 1825 2243 1880 scanda-

1374 1899 1438 1952 lis
1461 1901 1799 1969 operantium
1818 1900 2194 1969 iniquitatem.

1446 1973 1650 2028 Cadent
1697 1973 1755 2026 in
1804 1973 2071 2027 retiaculo
2116 1975 2263 2043 ejus.

1372 2047 1679 2115 peccatores
1690 2068 1705 2097 ι
1717 2046 1743 2073 ⁴*
1756 2047 2101 2115 singulariter
2113 2063 2245 2101 sum

1372 2134 1471 2188 ego
1490 2157 1505 2180 ‚
1526 2120 1709 2173 donee
1730 2120 2017 2174 transeam.

1604 2194 1833 2245 Psamus
1862 2196 1982 2257 ιίμ.

1461 2280 1557 2317 ocu
1575 2268 1697 2317 mea
1716 2266 1785 2319 ad
1802 2266 2107 2319 Dominum
2134 2266 2244 2318 cla-

1372 2338 1544 2397 mavi·
1565 2338 1590 2364 ³*
1617 2353 1749 2391 voce
1782 2342 1903 2393 mea
1941 2339 2014 2392 ad
2036 2340 2243 2392 Domi·-

1375 2426 1507 2461 num
1536 2409 1852 2480 deprecatus
1874 2427 2015 2464 sum.

1442 2482 1722 2539 Effundo
1706 2502 1763 2537 m
1788 2492 2089 2558 conspectu
2118 2486 2246 2553 ejus

1374 2556 1673 2609 orationem
1717 2572 1935 2616 meam,
1970 2557 1996 2584 ⁴*
2040 2565 2099 2611 et
2143 2558 2243 2610 tri-

1373 2628 1707 2682 bulationem
1718 2646 1895 2683 meam
1912 2638 2039 2685 ante
2056 2631 2244 2701 ipsum

1374 2702 1668 2771 pronuntio
1684 2742 1699 2763 ‚

1444 2777 1509 2827 In
1536 2774 1841 2829 deficiendo
1866 2791 1933 2827 ex
1960 2790 2053 2827 me
2079 2774 2243 2846 spiri-

1375 2854 1489 2899 tum
1534 2862 1720 2901 meum
1745 2871 1759 2907 3
1785 2848 1812 2874 ⁴*
1848 2854 1903 2900 et
1932 2856 1993 2899 tu
2028 2864 2243 2917 cogno-

1376 2919 1494 2973 visti
1514 2919 1728 2973 samitas
1749 2935 1911 2973 meaS.

1444 2996 1508 3045 In
1556 2994 1641 3045 via
1672 2993 1794 3056 hac,
1842 2996 1950 3062 qua
1989 2992 2244 3047 ambula-

1374 3062 1519 3190 διιίιὶιι,
1505 3033 1962 3127 ‚*absconderunt
1975 3067 2244 3137 laqueum

1374 3154 1429 3190 m
1490 3156 1525 3190 1.

1446 3210 1863 3267 considerabam
1924 3211 1995 3265 ad
2055 3212 2247 3266 dexte-

1372 3298 1490 3335 ram
1509 3323 1524 3344 ‚
1568 3289 1620 3337 et
1658 3283 1937 3339 videbamz
1968 3284 1997 3311 ¹*
2028 3290 2087 3337 et
2122 3300 2245 3337 non

1374 3362 1486 3408 erat
1502 3357 1605 3425 qui
1630 3358 1979 3425 cognosceret
2005 3370 2121 3409 me.

1440 3429 1609 3481 Periit
1620 3428 1885 3500 fu‘gaame
1897 3469 1912 3495 ,
1928 3429 2019 3482 *et
2028 3445 2148 3493 non
2164 3438 2247 3482 oet

1374 3500 1466 3569 qui
1484 3501 1723 3571 requirat
1740 3502 1976 3557 animam
1998 3517 2211 3556 meam.
