<?xml version="1.0" encoding="UTF-8"?>
<!DOCTYPE html PUBLIC "-//W3C//DTD XHTML 1.0 Transitional//EN"
    "http://www.w3.org/TR/xhtml1/DTD/xhtml1-transitional.dtd">
<html xmlns="http://www.w3.org/1999/xhtml" xml:lang="en" lang="en">
 <head>
  <title>
</title>
<meta http-equiv="Content-Type" content="text/html;charset=utf-8" />
  <meta name='ocr-system' content='tesseract 3.04.00' />
  <meta name='ocr-capabilities' content='ocr_page ocr_carea ocr_par ocr_line ocrx_word'/>
</head>
<body>
  <div class='ocr_page' id='page_1' title='image "./breviariumparis00unkngoog_0091.png"; bbox 0 0 2392 4050; ppageno 0'>
   <div class='ocr_carea' id='block_1_1' title="bbox 451 203 517 242">
    <p class='ocr_par' dir='ltr' id='par_1_1' title="bbox 451 203 517 242">
     <span class='ocr_line' id='line_1_1' title="bbox 451 203 517 242; baseline -0.045 0"><span class='ocrx_word' id='word_1_1' title='bbox 451 203 517 242; x_wconf 81' lang='lat'>20</span> 
     </span>
    </p>
   </div>
   <div class='ocr_carea' id='block_1_2' title="bbox 1022 193 1623 236">
    <p class='ocr_par' dir='ltr' id='par_1_2' title="bbox 1022 193 1623 236">
     <span class='ocr_line' id='line_1_2' title="bbox 1022 193 1623 236; baseline -0.003 -2"><span class='ocrx_word' id='word_1_2' title='bbox 1022 197 1267 236; x_wconf 67' lang='lat' dir='ltr'>nommu</span> <span class='ocrx_word' id='word_1_3' title='bbox 1292 198 1353 236; x_wconf 76' lang='lat' dir='ltr'>An</span> <span class='ocrx_word' id='word_1_4' title='bbox 1376 193 1623 234; x_wconf 73' lang='lat' dir='ltr'>vustAs.</span> 
     </span>
    </p>
   </div>
   <div class='ocr_carea' id='block_1_3' title="bbox 447 275 2219 349">
    <p class='ocr_par' dir='ltr' id='par_1_3' title="bbox 447 275 2219 349">
     <span class='ocr_line' id='line_1_3' title="bbox 447 275 2219 349; baseline -0.002 -13"><span class='ocrx_word' id='word_1_5' title='bbox 447 283 530 341; x_wconf 61' lang='lat' dir='ltr'>loz</span> <span class='ocrx_word' id='word_1_6' title='bbox 552 282 577 309; x_wconf 73' lang='lat'><strong>*</strong></span> <span class='ocrx_word' id='word_1_7' title='bbox 601 276 786 334; x_wconf 75' lang='lat' dir='ltr'>omnia</span> <span class='ocrx_word' id='word_1_8' title='bbox 826 291 1180 349; x_wconf 78' lang='lat' dir='ltr'>quaecumque</span> <span class='ocrx_word' id='word_1_9' title='bbox 1213 279 1299 332; x_wconf 79' lang='grc' dir='ltr'>νό-</span> <span class='ocrx_word' id='word_1_10' title='bbox 1369 278 1464 348; x_wconf 88' lang='lat' dir='ltr'>qui</span> <span class='ocrx_word' id='word_1_11' title='bbox 1482 275 1811 330; x_wconf 87' lang='lat' dir='ltr'>descendunt</span> <span class='ocrx_word' id='word_1_12' title='bbox 1836 276 1893 329; x_wconf 88' lang='lat' dir='ltr'>in</span> <span class='ocrx_word' id='word_1_13' title='bbox 1915 277 2219 333; x_wconf 85' lang='lat' dir='ltr'>infernum.</span> 
     </span>
    </p>
   </div>
   <div class='ocr_carea' id='block_1_4' title="bbox 449 350 748 416">
    <p class='ocr_par' dir='ltr' id='par_1_4' title="bbox 449 350 748 416">
     <span class='ocr_line' id='line_1_4' title="bbox 449 350 748 416; baseline -0.01 -7"><span class='ocrx_word' id='word_1_14' title='bbox 449 353 550 409; x_wconf 88' lang='lat' dir='ltr'>luit</span> <span class='ocrx_word' id='word_1_15' title='bbox 565 393 580 416; x_wconf 88' lang='lat'><strong>,</strong></span> <span class='ocrx_word' id='word_1_16' title='bbox 605 350 748 406; x_wconf 81' lang='lat' dir='ltr'>fecit.</span> 
     </span>
    </p>
   </div>
   <div class='ocr_carea' id='block_1_5' title="bbox 1440 349 2223 418">
    <p class='ocr_par' dir='ltr' id='par_1_5' title="bbox 1440 349 2223 418">
     <span class='ocr_line' id='line_1_5' title="bbox 1440 349 2223 418; baseline 0.003 -16"><span class='ocrx_word' id='word_1_17' title='bbox 1440 349 1546 403; x_wconf 87' lang='lat' dir='ltr'>Sed</span> <span class='ocrx_word' id='word_1_18' title='bbox 1580 363 1682 402; x_wconf 90' lang='lat' dir='ltr'>nos</span> <span class='ocrx_word' id='word_1_19' title='bbox 1712 349 1809 418; x_wconf 88' lang='lat' dir='ltr'>qui</span> <span class='ocrx_word' id='word_1_20' title='bbox 1841 349 2092 415; x_wconf 87' lang='lat' dir='ltr'>vivimus,</span> <span class='ocrx_word' id='word_1_21' title='bbox 2131 350 2223 404; x_wconf 89' lang='lat' dir='ltr'>be-</span> 
     </span>
    </p>
   </div>
   <div class='ocr_carea' id='block_1_6' title="bbox 451 421 2225 569">
    <p class='ocr_par' dir='ltr' id='par_1_6' title="bbox 451 421 2225 569">
     <span class='ocr_line' id='line_1_6' title="bbox 523 421 2225 494; baseline -0.001 -16"><span class='ocrx_word' id='word_1_22' title='bbox 523 424 818 478; x_wconf 73' lang='lat' dir='ltr'>simulacra</span> <span class='ocrx_word' id='word_1_23' title='bbox 841 423 1084 492; x_wconf 71' lang='lat' dir='ltr'>gentium</span> <span class='ocrx_word' id='word_1_24' title='bbox 1117 439 1301 494; x_wconf 89' lang='lat' dir='ltr'>argen-</span> <span class='ocrx_word' id='word_1_25' title='bbox 1368 421 1666 476; x_wconf 82' lang='lat' dir='ltr'>nedicimus</span> <span class='ocrx_word' id='word_1_26' title='bbox 1690 421 1927 475; x_wconf 76' lang='lat' dir='ltr'>Domino</span> <span class='ocrx_word' id='word_1_27' title='bbox 1943 463 1957 483; x_wconf 93' lang='lat'>‚</span> <span class='ocrx_word' id='word_1_28' title='bbox 1988 423 2015 451; x_wconf 67' lang='lat'>⁴*</span> <span class='ocrx_word' id='word_1_29' title='bbox 2031 439 2097 476; x_wconf 85' lang='lat' dir='ltr'>ex</span> <span class='ocrx_word' id='word_1_30' title='bbox 2114 422 2225 476; x_wconf 88' lang='lat' dir='ltr'>hoc</span> 
     </span>
     <span class='ocr_line' id='line_1_7' title="bbox 451 494 2219 569; baseline -0.001 -19"><span class='ocrx_word' id='word_1_31' title='bbox 451 505 564 550; x_wconf 86' lang='lat' dir='ltr'>tum</span> <span class='ocrx_word' id='word_1_32' title='bbox 601 503 654 550; x_wconf 91' lang='lat' dir='ltr'>et</span> <span class='ocrx_word' id='word_1_33' title='bbox 691 511 910 559; x_wconf 85' lang='lat' dir='ltr'>aurum,</span> <span class='ocrx_word' id='word_1_34' title='bbox 933 497 960 526; x_wconf 76' lang='lat'>⁴*</span> <span class='ocrx_word' id='word_1_35' title='bbox 994 496 1158 569; x_wconf 76' lang='lat' dir='ltr'>opera</span> <span class='ocrx_word' id='word_1_36' title='bbox 1190 499 1301 550; x_wconf 70' lang='lat' dir='ltr'>ma·</span> <span class='ocrx_word' id='word_1_37' title='bbox 1368 510 1546 557; x_wconf 92' lang='lat' dir='ltr'>nunc,</span> <span class='ocrx_word' id='word_1_38' title='bbox 1584 501 1637 548; x_wconf 88' lang='lat' dir='ltr'>et</span> <span class='ocrx_word' id='word_1_39' title='bbox 1670 509 1841 562; x_wconf 88' lang='lat' dir='ltr'>usque</span> <span class='ocrx_word' id='word_1_40' title='bbox 1866 494 1925 548; x_wconf 90' lang='lat' dir='ltr'>in</span> <span class='ocrx_word' id='word_1_41' title='bbox 1950 497 2219 548; x_wconf 76' lang='lat' dir='ltr'>seculum.</span> 
     </span>
    </p>
   </div>
   <div class='ocr_carea' id='block_1_7' title="bbox 449 567 943 622">
    <p class='ocr_par' dir='ltr' id='par_1_7' title="bbox 449 567 943 622">
     <span class='ocr_line' id='line_1_8' title="bbox 449 567 943 622; baseline 0 0"><span class='ocrx_word' id='word_1_42' title='bbox 449 585 622 622; x_wconf 90' lang='lat' dir='ltr'>nuum</span> <span class='ocrx_word' id='word_1_43' title='bbox 639 567 943 622; x_wconf 74' lang='lat' dir='ltr'>hominum.</span> 
     </span>
    </p>
   </div>
   <div class='ocr_carea' id='block_1_8' title="bbox 527 613 2223 710">
    <p class='ocr_par' dir='ltr' id='par_1_8' title="bbox 527 613 2223 710">
     <span class='ocr_line' id='line_1_9' title="bbox 527 613 2223 710; baseline -0.021 -15"><span class='ocrx_word' id='word_1_44' title='bbox 527 643 603 694; x_wconf 88' lang='lat' dir='ltr'>Os</span> <span class='ocrx_word' id='word_1_45' title='bbox 623 638 830 694; x_wconf 90' lang='lat' dir='ltr'>hahent</span> <span class='ocrx_word' id='word_1_46' title='bbox 869 649 923 694; x_wconf 88' lang='lat' dir='ltr'>et</span> <span class='ocrx_word' id='word_1_47' title='bbox 940 643 1275 710; x_wconf 86' lang='lat' dir='ltr'>nonloquen</span> <span class='ocrx_word' id='word_1_48' title='bbox 1372 614 1793 641; x_wconf 61' lang='lat'>*⁴⁴⁶⁶⁴⁶“⁴*⁴***⁴*</span> <span class='ocrx_word' id='word_1_49' title='bbox 1824 613 1866 638; x_wconf 72' lang='lat'>*⁴</span> <span class='ocrx_word' id='word_1_50' title='bbox 1896 613 2223 640; x_wconf 70' lang='grc'>““““““·</span> 
     </span>
     <span class='ocr_line' id='line_1_10' title="bbox 832 670 1303 704; baseline -0.049 0"><span class='ocrx_word' id='word_1_51' title='bbox 832 681 846 704; x_wconf 69' lang='grc'><strong>9</strong></span> <span class='ocrx_word' id='word_1_52' title='bbox 1278 670 1303 682; x_wconf 65' lang='lat' dir='ltr'>a</span> 
     </span>
    </p>
   </div>
   <div class='ocr_carea' id='block_1_9' title="bbox 450 711 1303 1358">
    <p class='ocr_par' dir='ltr' id='par_1_9' title="bbox 450 711 1301 840">
     <span class='ocr_line' id='line_1_11' title="bbox 450 711 1301 776; baseline -0.001 -9"><span class='ocrx_word' id='word_1_53' title='bbox 450 722 571 769; x_wconf 78' lang='lat' dir='ltr'>tur:</span> <span class='ocrx_word' id='word_1_54' title='bbox 599 713 626 741; x_wconf 71' lang='lat'>&#39;‘</span> <span class='ocrx_word' id='word_1_55' title='bbox 651 713 837 768; x_wconf 78' lang='lat' dir='ltr'>oculos</span> <span class='ocrx_word' id='word_1_56' title='bbox 859 711 1088 776; x_wconf 86' lang='lat' dir='ltr'>habent,</span> <span class='ocrx_word' id='word_1_57' title='bbox 1111 720 1165 767; x_wconf 85' lang='lat' dir='ltr'>et</span> <span class='ocrx_word' id='word_1_58' title='bbox 1188 729 1301 766; x_wconf 88' lang='lat' dir='ltr'>non</span> 
     </span>
     <span class='ocr_line' id='line_1_12' title="bbox 453 784 726 840; baseline 0.007 -2"><span class='ocrx_word' id='word_1_59' title='bbox 453 784 726 840; x_wconf 77' lang='lat' dir='ltr'>videbunt.</span> 
     </span>
    </p>

    <p class='ocr_par' dir='ltr' id='par_1_10' title="bbox 453 854 1301 1057">
     <span class='ocr_line' id='line_1_13' title="bbox 525 854 1301 920; baseline 0.001 -9"><span class='ocrx_word' id='word_1_60' title='bbox 525 861 692 911; x_wconf 90' lang='lat' dir='ltr'>Aures</span> <span class='ocrx_word' id='word_1_61' title='bbox 726 854 928 911; x_wconf 90' lang='lat' dir='ltr'>habent</span> <span class='ocrx_word' id='word_1_62' title='bbox 943 895 957 920; x_wconf 90' lang='lat'>,</span> <span class='ocrx_word' id='word_1_63' title='bbox 985 865 1040 911; x_wconf 87' lang='lat' dir='ltr'>et</span> <span class='ocrx_word' id='word_1_64' title='bbox 1065 874 1178 912; x_wconf 93' lang='lat' dir='ltr'>non</span> <span class='ocrx_word' id='word_1_65' title='bbox 1216 861 1301 912; x_wconf 74' lang='lat' dir='ltr'>au-</span> 
     </span>
     <span class='ocr_line' id='line_1_14' title="bbox 455 927 1300 994; baseline 0 -10"><span class='ocrx_word' id='word_1_66' title='bbox 455 929 634 988; x_wconf 66' lang='lat' dir='ltr'>dientz</span> <span class='ocrx_word' id='word_1_67' title='bbox 658 931 682 959; x_wconf 71' lang='lat'>&#39;</span> <span class='ocrx_word' id='word_1_68' title='bbox 703 943 860 983; x_wconf 86' lang='lat' dir='ltr'>nares</span> <span class='ocrx_word' id='word_1_69' title='bbox 877 927 1096 994; x_wconf 86' lang='lat' dir='ltr'>hahent,</span> <span class='ocrx_word' id='word_1_70' title='bbox 1117 938 1170 986; x_wconf 89' lang='lat' dir='ltr'>et</span> <span class='ocrx_word' id='word_1_71' title='bbox 1187 947 1300 984; x_wconf 91' lang='lat' dir='ltr'>non</span> 
     </span>
     <span class='ocr_line' id='line_1_15' title="bbox 453 999 776 1057; baseline -0.006 -1"><span class='ocrx_word' id='word_1_72' title='bbox 453 999 776 1057; x_wconf 73' lang='lat' dir='ltr'>odorabunt.</span> 
     </span>
    </p>

    <p class='ocr_par' dir='ltr' id='par_1_11' title="bbox 450 1070 1303 1358">
     <span class='ocr_line' id='line_1_16' title="bbox 525 1070 1303 1146; baseline -0.001 -19"><span class='ocrx_word' id='word_1_73' title='bbox 525 1077 717 1127; x_wconf 86' lang='lat' dir='ltr'>Manus</span> <span class='ocrx_word' id='word_1_74' title='bbox 733 1070 939 1127; x_wconf 87' lang='lat' dir='ltr'>hahent</span> <span class='ocrx_word' id='word_1_75' title='bbox 949 1113 963 1136; x_wconf 91' lang='lat'><strong>‚</strong></span> <span class='ocrx_word' id='word_1_76' title='bbox 989 1080 1040 1126; x_wconf 91' lang='lat' dir='ltr'>et</span> <span class='ocrx_word' id='word_1_77' title='bbox 1057 1089 1171 1126; x_wconf 92' lang='lat' dir='ltr'>non</span> <span class='ocrx_word' id='word_1_78' title='bbox 1187 1075 1303 1146; x_wconf 90' lang='lat' dir='ltr'>pal-</span> 
     </span>
     <span class='ocr_line' id='line_1_17' title="bbox 452 1144 1303 1217; baseline -0.001 -18"><span class='ocrx_word' id='word_1_79' title='bbox 452 1145 688 1217; x_wconf 72' lang='lat' dir='ltr'>pabunt3</span> <span class='ocrx_word' id='word_1_80' title='bbox 705 1144 867 1216; x_wconf 88' lang='lat' dir='ltr'>pedes</span> <span class='ocrx_word' id='word_1_81' title='bbox 882 1144 1102 1210; x_wconf 83' lang='lat' dir='ltr'>habent,</span> <span class='ocrx_word' id='word_1_82' title='bbox 1120 1153 1174 1199; x_wconf 89' lang='lat' dir='ltr'>et</span> <span class='ocrx_word' id='word_1_83' title='bbox 1187 1163 1303 1199; x_wconf 92' lang='lat' dir='ltr'>non</span> 
     </span>
     <span class='ocr_line' id='line_1_18' title="bbox 451 1215 1302 1274; baseline 0.005 -4"><span class='ocrx_word' id='word_1_84' title='bbox 451 1215 806 1271; x_wconf 77' lang='lat' dir='ltr'>ambulabunt</span> <span class='ocrx_word' id='word_1_85' title='bbox 847 1239 860 1270; x_wconf 88' lang='lat'><em>=</em></span> <span class='ocrx_word' id='word_1_86' title='bbox 900 1218 928 1248; x_wconf 77' lang='lat'>¹*</span> <span class='ocrx_word' id='word_1_87' title='bbox 962 1234 1076 1270; x_wconf 92' lang='lat' dir='ltr'>non</span> <span class='ocrx_word' id='word_1_88' title='bbox 1115 1219 1302 1274; x_wconf 67' lang='lat' dir='ltr'>clama-</span> 
     </span>
     <span class='ocr_line' id='line_1_19' title="bbox 450 1288 1048 1358; baseline 0 -16"><span class='ocrx_word' id='word_1_89' title='bbox 450 1288 590 1342; x_wconf 88' lang='lat' dir='ltr'>bunt</span> <span class='ocrx_word' id='word_1_90' title='bbox 611 1290 670 1344; x_wconf 90' lang='lat' dir='ltr'>in</span> <span class='ocrx_word' id='word_1_91' title='bbox 695 1291 910 1358; x_wconf 76' lang='lat' dir='ltr'>gutture</span> <span class='ocrx_word' id='word_1_92' title='bbox 933 1306 1048 1343; x_wconf 90' lang='lat' dir='ltr'>suo.</span> 
     </span>
    </p>
   </div>
   <div class='ocr_carea' id='block_1_10' title="bbox 523 1360 1306 1432">
    <p class='ocr_par' dir='ltr' id='par_1_12' title="bbox 523 1360 1306 1432">
     <span class='ocr_line' id='line_1_20' title="bbox 523 1360 1306 1432; baseline 0 -18"><span class='ocrx_word' id='word_1_93' title='bbox 523 1360 734 1415; x_wconf 86' lang='lat' dir='ltr'>Similes</span> <span class='ocrx_word' id='word_1_94' title='bbox 767 1362 872 1414; x_wconf 89' lang='lat' dir='ltr'>illis</span> <span class='ocrx_word' id='word_1_95' title='bbox 914 1361 1045 1415; x_wconf 83' lang='lat' dir='ltr'>fiant</span> <span class='ocrx_word' id='word_1_96' title='bbox 1085 1361 1181 1432; x_wconf 90' lang='lat' dir='ltr'>qui</span> <span class='ocrx_word' id='word_1_97' title='bbox 1231 1361 1306 1414; x_wconf 66' lang='lat' dir='ltr'>fa-</span> 
     </span>
    </p>
   </div>
   <div class='ocr_carea' id='block_1_11' title="bbox 391 1432 1303 3225">
    <p class='ocr_par' dir='ltr' id='par_1_13' title="bbox 451 1432 1303 1559">
     <span class='ocr_line' id='line_1_21' title="bbox 451 1432 1303 1503; baseline 0.004 -19"><span class='ocrx_word' id='word_1_98' title='bbox 451 1433 604 1486; x_wconf 87' lang='lat' dir='ltr'>ciunt</span> <span class='ocrx_word' id='word_1_99' title='bbox 627 1449 715 1495; x_wconf 90' lang='lat' dir='ltr'>ea,</span> <span class='ocrx_word' id='word_1_100' title='bbox 736 1432 764 1461; x_wconf 70' lang='lat'>³*</span> <span class='ocrx_word' id='word_1_101' title='bbox 780 1440 834 1488; x_wconf 83' lang='lat' dir='ltr'>et</span> <span class='ocrx_word' id='word_1_102' title='bbox 856 1449 1046 1488; x_wconf 88' lang='lat' dir='ltr'>omnes</span> <span class='ocrx_word' id='word_1_103' title='bbox 1065 1433 1162 1503; x_wconf 80' lang='lat' dir='ltr'>qui&#39;</span> <span class='ocrx_word' id='word_1_104' title='bbox 1177 1449 1303 1488; x_wconf 82' lang='lat' dir='ltr'>con-</span> 
     </span>
     <span class='ocr_line' id='line_1_22' title="bbox 453 1504 1153 1559; baseline 0.004 -1"><span class='ocrx_word' id='word_1_105' title='bbox 453 1505 633 1559; x_wconf 82' lang='lat' dir='ltr'>fidunt</span> <span class='ocrx_word' id='word_1_106' title='bbox 653 1505 710 1557; x_wconf 90' lang='lat' dir='ltr'>in</span> <span class='ocrx_word' id='word_1_107' title='bbox 735 1504 824 1559; x_wconf 84' lang='lat' dir='ltr'>eis.</span> <span class='ocrx_word' id='word_1_108' title='bbox 1147 1544 1153 1550; x_wconf 89' lang='lat'>-</span> 
     </span>
    </p>

    <p class='ocr_par' dir='ltr' id='par_1_14' title="bbox 449 1575 1303 1792">
     <span class='ocr_line' id='line_1_23' title="bbox 523 1575 1301 1647; baseline -0.003 -15"><span class='ocrx_word' id='word_1_109' title='bbox 523 1580 730 1632; x_wconf 89' lang='lat' dir='ltr'>Domus</span> <span class='ocrx_word' id='word_1_110' title='bbox 774 1577 934 1630; x_wconf 87' lang='lat' dir='ltr'>Israel</span> <span class='ocrx_word' id='word_1_111' title='bbox 985 1577 1212 1647; x_wconf 71' lang='lat' dir='ltr'>speravit</span> <span class='ocrx_word' id='word_1_112' title='bbox 1244 1575 1301 1630; x_wconf 89' lang='lat' dir='ltr'>in</span> 
     </span>
     <span class='ocr_line' id='line_1_24' title="bbox 450 1647 1303 1716; baseline 0.002 -16"><span class='ocrx_word' id='word_1_113' title='bbox 450 1647 725 1707; x_wconf 68' lang='lat' dir='ltr'>Dominm</span> <span class='ocrx_word' id='word_1_114' title='bbox 745 1648 774 1678; x_wconf 70' lang='lat'><strong>*</strong></span> <span class='ocrx_word' id='word_1_115' title='bbox 797 1647 1014 1716; x_wconf 75' lang='lat' dir='ltr'>adjutor</span> <span class='ocrx_word' id='word_1_116' title='bbox 1035 1648 1224 1703; x_wconf 73' lang='lat' dir='ltr'>eorum</span> <span class='ocrx_word' id='word_1_117' title='bbox 1248 1656 1303 1704; x_wconf 88' lang='lat' dir='ltr'>et</span> 
     </span>
     <span class='ocr_line' id='line_1_25' title="bbox 449 1719 1049 1792; baseline 0.002 -19"><span class='ocrx_word' id='word_1_118' title='bbox 449 1727 723 1792; x_wconf 84' lang='lat' dir='ltr'>protector</span> <span class='ocrx_word' id='word_1_119' title='bbox 745 1719 931 1774; x_wconf 79' lang='lat' dir='ltr'>eorum</span> <span class='ocrx_word' id='word_1_120' title='bbox 958 1727 1049 1774; x_wconf 87' lang='lat' dir='ltr'>est.</span> 
     </span>
    </p>

    <p class='ocr_par' dir='ltr' id='par_1_15' title="bbox 391 1793 1303 2006">
     <span class='ocr_line' id='line_1_26' title="bbox 523 1793 1301 1862; baseline -0.001 -16"><span class='ocrx_word' id='word_1_121' title='bbox 523 1794 736 1846; x_wconf 85' lang='lat' dir='ltr'>Domus</span> <span class='ocrx_word' id='word_1_122' title='bbox 770 1795 952 1846; x_wconf 85' lang='lat' dir='ltr'>Aaron</span> <span class='ocrx_word' id='word_1_123' title='bbox 987 1793 1213 1862; x_wconf 74' lang='lat' dir='ltr'>speravit</span> <span class='ocrx_word' id='word_1_124' title='bbox 1242 1793 1301 1845; x_wconf 89' lang='lat' dir='ltr'>in</span> 
     </span>
     <span class='ocr_line' id='line_1_27' title="bbox 451 1862 1303 1932; baseline -0.001 -14"><span class='ocrx_word' id='word_1_125' title='bbox 451 1862 722 1924; x_wconf 70' lang='lat' dir='ltr'>Domino:</span> <span class='ocrx_word' id='word_1_126' title='bbox 750 1862 778 1892; x_wconf 77' lang='lat'>¹*</span> <span class='ocrx_word' id='word_1_127' title='bbox 803 1863 1020 1932; x_wconf 74' lang='lat' dir='ltr'>adjutor</span> <span class='ocrx_word' id='word_1_128' title='bbox 1043 1866 1230 1918; x_wconf 79' lang='lat' dir='ltr'>eorum</span> <span class='ocrx_word' id='word_1_129' title='bbox 1248 1871 1303 1918; x_wconf 88' lang='lat' dir='ltr'>et</span> 
     </span>
     <span class='ocr_line' id='line_1_28' title="bbox 391 1937 1044 2006; baseline 0.002 -19"><span class='ocrx_word' id='word_1_130' title='bbox 391 1995 394 2000; x_wconf 44' lang='grc'><strong>,</strong></span> <span class='ocrx_word' id='word_1_131' title='bbox 449 1942 719 2006; x_wconf 76' lang='lat' dir='ltr'>protector</span> <span class='ocrx_word' id='word_1_132' title='bbox 741 1937 930 1988; x_wconf 78' lang='lat' dir='ltr'>eorum</span> <span class='ocrx_word' id='word_1_133' title='bbox 952 1944 1044 1988; x_wconf 90' lang='lat' dir='ltr'>est.</span> 
     </span>
    </p>

    <p class='ocr_par' dir='ltr' id='par_1_16' title="bbox 445 2007 1299 2278">
     <span class='ocr_line' id='line_1_29' title="bbox 519 2007 1299 2081; baseline 0.003 -20"><span class='ocrx_word' id='word_1_134' title='bbox 519 2009 629 2072; x_wconf 89' lang='lat' dir='ltr'>Qui</span> <span class='ocrx_word' id='word_1_135' title='bbox 643 2007 837 2061; x_wconf 87' lang='lat' dir='ltr'>timent</span> <span class='ocrx_word' id='word_1_136' title='bbox 846 2008 1166 2073; x_wconf 76' lang='lat' dir='ltr'>Dominum,</span> <span class='ocrx_word' id='word_1_137' title='bbox 1181 2025 1299 2081; x_wconf 88' lang='lat' dir='ltr'>spe-</span> 
     </span>
     <span class='ocr_line' id='line_1_30' title="bbox 449 2080 1299 2151; baseline 0.005 -20"><span class='ocrx_word' id='word_1_138' title='bbox 449 2083 703 2134; x_wconf 73' lang='lat' dir='ltr'>raverunt</span> <span class='ocrx_word' id='word_1_139' title='bbox 719 2080 776 2133; x_wconf 90' lang='lat' dir='ltr'>in</span> <span class='ocrx_word' id='word_1_140' title='bbox 795 2080 1034 2136; x_wconf 73' lang='lat' dir='ltr'>Domino</span> <span class='ocrx_word' id='word_1_141' title='bbox 1051 2104 1065 2143; x_wconf 68' lang='grc' dir='ltr'><strong>ς</strong></span> <span class='ocrx_word' id='word_1_142' title='bbox 1093 2080 1122 2109; x_wconf 69' lang='lat'>¹*</span> <span class='ocrx_word' id='word_1_143' title='bbox 1145 2082 1299 2151; x_wconf 75' lang='lat' dir='ltr'>adju-</span> 
     </span>
     <span class='ocr_line' id='line_1_31' title="bbox 451 2152 1297 2223; baseline 0.004 -19"><span class='ocrx_word' id='word_1_144' title='bbox 451 2158 538 2205; x_wconf 84' lang='lat' dir='ltr'>tor</span> <span class='ocrx_word' id='word_1_145' title='bbox 557 2152 745 2205; x_wconf 79' lang='lat' dir='ltr'>eorum</span> <span class='ocrx_word' id='word_1_146' title='bbox 752 2158 810 2207; x_wconf 85' lang='lat' dir='ltr'>et</span> <span class='ocrx_word' id='word_1_147' title='bbox 825 2158 1098 2223; x_wconf 88' lang='lat' dir='ltr'>protector</span> <span class='ocrx_word' id='word_1_148' title='bbox 1107 2154 1297 2209; x_wconf 79' lang='lat' dir='ltr'>eorum</span> 
     </span>
     <span class='ocr_line' id='line_1_32' title="bbox 445 2232 542 2278; baseline 0.01 -1"><span class='ocrx_word' id='word_1_149' title='bbox 445 2232 542 2278; x_wconf 82' lang='lat' dir='ltr'>est.</span> 
     </span>
    </p>

    <p class='ocr_par' dir='ltr' id='par_1_17' title="bbox 451 2296 1297 2430">
     <span class='ocr_line' id='line_1_33' title="bbox 523 2296 1297 2353; baseline 0.006 -5"><span class='ocrx_word' id='word_1_150' title='bbox 523 2296 790 2349; x_wconf 77' lang='lat' dir='ltr'>Dominus</span> <span class='ocrx_word' id='word_1_151' title='bbox 811 2312 1024 2350; x_wconf 89' lang='lat' dir='ltr'>memor</span> <span class='ocrx_word' id='word_1_152' title='bbox 1046 2297 1152 2351; x_wconf 86' lang='lat' dir='ltr'>fuit</span> <span class='ocrx_word' id='word_1_153' title='bbox 1171 2314 1297 2353; x_wconf 90' lang='lat' dir='ltr'>nos-</span> 
     </span>
     <span class='ocr_line' id='line_1_34' title="bbox 451 2366 1173 2430; baseline 0.006 -10"><span class='ocrx_word' id='word_1_154' title='bbox 451 2368 549 2430; x_wconf 83' lang='lat' dir='ltr'>tri,</span> <span class='ocrx_word' id='word_1_155' title='bbox 577 2366 604 2397; x_wconf 70' lang='lat'>³*</span> <span class='ocrx_word' id='word_1_156' title='bbox 629 2376 684 2421; x_wconf 89' lang='lat' dir='ltr'>et</span> <span class='ocrx_word' id='word_1_157' title='bbox 704 2367 978 2424; x_wconf 80' lang='lat' dir='ltr'><strong>benedixit</strong></span> <span class='ocrx_word' id='word_1_158' title='bbox 997 2370 1173 2424; x_wconf 76' lang='lat' dir='ltr'>nobis·</span> 
     </span>
    </p>

    <p class='ocr_par' dir='ltr' id='par_1_18' title="bbox 448 2440 1299 2569">
     <span class='ocr_line' id='line_1_35' title="bbox 520 2440 1299 2506; baseline 0.006 -13"><span class='ocrx_word' id='word_1_159' title='bbox 520 2440 798 2495; x_wconf 79' lang='lat' dir='ltr'>Benedixit</span> <span class='ocrx_word' id='word_1_160' title='bbox 834 2441 1023 2496; x_wconf 77' lang='lat' dir='ltr'>domui</span> <span class='ocrx_word' id='word_1_161' title='bbox 1058 2443 1217 2497; x_wconf 87' lang='lat' dir='ltr'>Israel</span> <span class='ocrx_word' id='word_1_162' title='bbox 1234 2483 1248 2506; x_wconf 93' lang='lat'>‚</span> <span class='ocrx_word' id='word_1_163' title='bbox 1271 2443 1299 2473; x_wconf 69' lang='lat'><em>*</em></span> 
     </span>
     <span class='ocr_line' id='line_1_36' title="bbox 448 2510 1156 2569; baseline 0.007 -5"><span class='ocrx_word' id='word_1_164' title='bbox 448 2510 723 2567; x_wconf 83' lang='lat' dir='ltr'><strong>benedixit</strong></span> <span class='ocrx_word' id='word_1_165' title='bbox 747 2512 936 2567; x_wconf 78' lang='lat' dir='ltr'>domui</span> <span class='ocrx_word' id='word_1_166' title='bbox 959 2518 1156 2569; x_wconf 86' lang='lat' dir='ltr'><strong>Aaron.</strong></span> 
     </span>
    </p>

    <p class='ocr_par' dir='ltr' id='par_1_19' title="bbox 445 2585 1296 2795">
     <span class='ocr_line' id='line_1_37' title="bbox 519 2585 1296 2657; baseline 0.004 -19"><span class='ocrx_word' id='word_1_167' title='bbox 519 2585 795 2639; x_wconf 84' lang='lat' dir='ltr'>Benedixit</span> <span class='ocrx_word' id='word_1_168' title='bbox 829 2586 1084 2641; x_wconf 75' lang='lat' dir='ltr'>omnibus</span> <span class='ocrx_word' id='word_1_169' title='bbox 1111 2588 1209 2657; x_wconf 86' lang='lat' dir='ltr'>qui</span> <span class='ocrx_word' id='word_1_170' title='bbox 1237 2587 1296 2641; x_wconf 86' lang='lat' dir='ltr'>ti-</span> 
     </span>
     <span class='ocr_line' id='line_1_38' title="bbox 446 2657 1296 2730; baseline 0.008 -23"><span class='ocrx_word' id='word_1_171' title='bbox 446 2664 599 2709; x_wconf 85' lang='lat' dir='ltr'><strong>ment</strong></span> <span class='ocrx_word' id='word_1_172' title='bbox 645 2657 942 2711; x_wconf 76' lang='lat' dir='ltr'>D6minum</span> <span class='ocrx_word' id='word_1_173' title='bbox 964 2698 980 2723; x_wconf 84' lang='lat'><strong>,</strong></span> <span class='ocrx_word' id='word_1_174' title='bbox 1019 2660 1046 2688; x_wconf 72' lang='lat'>&#39;‘</span> <span class='ocrx_word' id='word_1_175' title='bbox 1091 2660 1296 2730; x_wconf 79' lang='lat' dir='ltr'>pusillis</span> 
     </span>
     <span class='ocr_line' id='line_1_39' title="bbox 445 2728 912 2795; baseline 0.009 -16"><span class='ocrx_word' id='word_1_176' title='bbox 445 2742 571 2780; x_wconf 90' lang='lat' dir='ltr'>cum</span> <span class='ocrx_word' id='word_1_177' title='bbox 598 2728 912 2795; x_wconf 51' lang='lat' dir='ltr'>majoribus</span> 
     </span>
    </p>

    <p class='ocr_par' dir='ltr' id='par_1_20' title="bbox 445 2798 1297 2996">
     <span class='ocr_line' id='line_1_40' title="bbox 521 2798 1297 2876; baseline 0.004 -24"><span class='ocrx_word' id='word_1_178' title='bbox 521 2798 753 2867; x_wconf 84' lang='lat' dir='ltr'>Adjiciat</span> <span class='ocrx_word' id='word_1_179' title='bbox 809 2800 1076 2855; x_wconf 78' lang='lat' dir='ltr'>Dominus</span> <span class='ocrx_word' id='word_1_180' title='bbox 1137 2818 1297 2876; x_wconf 89' lang='lat' dir='ltr'>super</span> 
     </span>
     <span class='ocr_line' id='line_1_41' title="bbox 447 2870 1296 2945; baseline 0.011 -24"><span class='ocrx_word' id='word_1_181' title='bbox 447 2884 566 2933; x_wconf 83' lang='lat' dir='ltr'>vos,</span> <span class='ocrx_word' id='word_1_182' title='bbox 590 2870 615 2897; x_wconf 72' lang='lat'><strong>*</strong></span> <span class='ocrx_word' id='word_1_183' title='bbox 646 2884 806 2940; x_wconf 82' lang='lat' dir='ltr'>super</span> <span class='ocrx_word' id='word_1_184' title='bbox 821 2888 914 2926; x_wconf 82' lang='lat' dir='ltr'>vos</span> <span class='ocrx_word' id='word_1_185' title='bbox 929 2912 943 2935; x_wconf 94' lang='lat'>,</span> <span class='ocrx_word' id='word_1_186' title='bbox 977 2881 1028 2927; x_wconf 87' lang='lat' dir='ltr'>et</span> <span class='ocrx_word' id='word_1_187' title='bbox 1050 2890 1209 2945; x_wconf 88' lang='lat' dir='ltr'>super</span> <span class='ocrx_word' id='word_1_188' title='bbox 1236 2877 1296 2931; x_wconf 91' lang='lat' dir='ltr'>fi-</span> 
     </span>
     <span class='ocr_line' id='line_1_42' title="bbox 445 2942 780 2996; baseline 0 -1"><span class='ocrx_word' id='word_1_189' title='bbox 445 2942 546 2995; x_wconf 89' lang='lat' dir='ltr'>lios</span> <span class='ocrx_word' id='word_1_190' title='bbox 568 2949 780 2996; x_wconf 73' lang='lat' dir='ltr'>vestros·</span> 
     </span>
    </p>

    <p class='ocr_par' dir='ltr' id='par_1_21' title="bbox 447 3012 1293 3153">
     <span class='ocr_line' id='line_1_43' title="bbox 519 3012 1293 3085; baseline 0.01 -19"><span class='ocrx_word' id='word_1_191' title='bbox 519 3012 795 3069; x_wconf 71' lang='lat' dir='ltr'>Benedicti</span> <span class='ocrx_word' id='word_1_192' title='bbox 817 3032 911 3070; x_wconf 83' lang='lat' dir='ltr'>vos</span> <span class='ocrx_word' id='word_1_193' title='bbox 928 3019 958 3071; x_wconf 69' lang='lat' dir='ltr'>a</span> <span class='ocrx_word' id='word_1_194' title='bbox 982 3019 1218 3073; x_wconf 76' lang='lat' dir='ltr'>Domi&#39;no</span> <span class='ocrx_word' id='word_1_195' title='bbox 1235 3056 1249 3085; x_wconf 78' lang='grc'><em>,</em></span> <span class='ocrx_word' id='word_1_196' title='bbox 1265 3021 1293 3051; x_wconf 77' lang='lat'>¹*</span> 
     </span>
     <span class='ocr_line' id='line_1_44' title="bbox 447 3084 1232 3153; baseline 0.014 -18"><span class='ocrx_word' id='word_1_197' title='bbox 447 3085 541 3153; x_wconf 85' lang='lat' dir='ltr'>qui</span> <span class='ocrx_word' id='word_1_198' title='bbox 567 3084 696 3138; x_wconf 87' lang='lat' dir='ltr'>fecit</span> <span class='ocrx_word' id='word_1_199' title='bbox 721 3088 918 3141; x_wconf 91' lang='lat' dir='ltr'>coelum</span> <span class='ocrx_word' id='word_1_200' title='bbox 942 3096 996 3143; x_wconf 88' lang='lat' dir='ltr'>et</span> <span class='ocrx_word' id='word_1_201' title='bbox 1023 3098 1232 3147; x_wconf 81' lang='lat' dir='ltr'>terram.</span> 
     </span>
    </p>

    <p class='ocr_par' dir='ltr' id='par_1_22' title="bbox 519 3158 1293 3225">
     <span class='ocr_line' id='line_1_45' title="bbox 519 3158 1293 3225; baseline 0.012 -17"><span class='ocrx_word' id='word_1_202' title='bbox 519 3158 725 3211; x_wconf 73' lang='lat' dir='ltr'>Caelum</span> <span class='ocrx_word' id='word_1_203' title='bbox 777 3161 901 3213; x_wconf 88' lang='lat' dir='ltr'>coeli</span> <span class='ocrx_word' id='word_1_204' title='bbox 950 3164 1219 3225; x_wconf 78' lang='lat' dir='ltr'>Domino;</span> <span class='ocrx_word' id='word_1_205' title='bbox 1265 3165 1293 3195; x_wconf 68' lang='lat'><em>*</em></span> 
     </span>
    </p>
   </div>
   <div class='ocr_carea' id='block_1_12' title="bbox 444 3231 1293 3357">
    <p class='ocr_par' dir='ltr' id='par_1_23' title="bbox 444 3231 1293 3357">
     <span class='ocr_line' id='line_1_46' title="bbox 445 3231 1293 3313; baseline 0.013 -34"><span class='ocrx_word' id='word_1_206' title='bbox 445 3235 642 3313; x_wconf 72' lang='lat' dir='ltr'>terram</span> <span class='ocrx_word' id='word_1_207' title='bbox 671 3238 848 3286; x_wconf 89' lang='lat' dir='ltr'>autem</span> <span class='ocrx_word' id='word_1_208' title='bbox 873 3231 1022 3289; x_wconf 82' lang='lat' dir='ltr'>dedit</span> <span class='ocrx_word' id='word_1_209' title='bbox 1045 3235 1171 3291; x_wconf 81' lang='lat' dir='ltr'>filiis</span> <span class='ocrx_word' id='word_1_210' title='bbox 1197 3236 1293 3290; x_wconf 75' lang='lat' dir='ltr'>ho-</span> 
     </span>
     <span class='ocr_line' id='line_1_47' title="bbox 444 3315 674 3357; baseline 0.022 -5"><span class='ocrx_word' id='word_1_211' title='bbox 444 3315 674 3357; x_wconf 68' lang='lat' dir='ltr'>minum.</span> 
     </span>
    </p>
   </div>
   <div class='ocr_carea' id='block_1_13' title="bbox 1441 689 2151 742">
    <p class='ocr_par' dir='ltr' id='par_1_24' title="bbox 1441 689 2151 742">
     <span class='ocr_line' id='line_1_48' title="bbox 1441 689 2151 742; baseline -0.006 0"><span class='ocrx_word' id='word_1_212' title='bbox 1441 692 1535 742; x_wconf 89' lang='lat' dir='ltr'>AD</span> <span class='ocrx_word' id='word_1_213' title='bbox 1576 689 2151 741; x_wconf 87' lang='lat' dir='ltr'>COMPLETORIUM.</span> 
     </span>
    </p>
   </div>
   <div class='ocr_carea' id='block_1_14' title="bbox 1369 782 2226 1572">
    <p class='ocr_par' dir='ltr' id='par_1_25' title="bbox 1370 782 2225 1055">
     <span class='ocr_line' id='line_1_49' title="bbox 1637 782 1939 844; baseline -0.003 -10"><span class='ocrx_word' id='word_1_214' title='bbox 1637 783 1864 834; x_wconf 63' lang='lat' dir='ltr'>Pssmus</span> <span class='ocrx_word' id='word_1_215' title='bbox 1889 782 1939 844; x_wconf 80' lang='grc'>4.</span> 
     </span>
     <span class='ocr_line' id='line_1_50' title="bbox 1376 801 2225 915; baseline -0.008 -4"><span class='ocrx_word' id='word_1_216' title='bbox 1376 801 1529 911; x_wconf 69' lang='lat' dir='ltr'>Ceu</span> <span class='ocrx_word' id='word_1_217' title='bbox 1568 853 1872 907; x_wconf 77' lang='lat' dir='ltr'>invocarem</span> <span class='ocrx_word' id='word_1_218' title='bbox 1888 893 1903 915; x_wconf 90' lang='lat'><strong>,</strong></span> <span class='ocrx_word' id='word_1_219' title='bbox 1952 851 2225 907; x_wconf 73' lang='lat' dir='ltr'>exaudivit</span> 
     </span>
     <span class='ocr_line' id='line_1_51' title="bbox 1370 925 2220 994; baseline -0.002 -14"><span class='ocrx_word' id='word_1_220' title='bbox 1370 943 1459 981; x_wconf 91' lang='lat' dir='ltr'>me</span> <span class='ocrx_word' id='word_1_221' title='bbox 1493 930 1638 980; x_wconf 88' lang='lat' dir='ltr'>Deus</span> <span class='ocrx_word' id='word_1_222' title='bbox 1668 925 1887 994; x_wconf 81' lang='lat' dir='ltr'>justitiae</span> <span class='ocrx_word' id='word_1_223' title='bbox 1912 940 2045 977; x_wconf 82' lang='lat' dir='ltr'>meae</span> <span class='ocrx_word' id='word_1_224' title='bbox 2070 945 2085 976; x_wconf 69' lang='grc' dir='ltr'><em>ε</em></span> <span class='ocrx_word' id='word_1_225' title='bbox 2114 925 2141 953; x_wconf 71' lang='lat'><strong>*</strong></span> <span class='ocrx_word' id='word_1_226' title='bbox 2158 925 2220 978; x_wconf 89' lang='lat' dir='ltr'>in</span> 
     </span>
     <span class='ocr_line' id='line_1_52' title="bbox 1370 995 2141 1055; baseline -0.006 0"><span class='ocrx_word' id='word_1_227' title='bbox 1370 999 1712 1055; x_wconf 76' lang='lat' dir='ltr'>tribulatione</span> <span class='ocrx_word' id='word_1_228' title='bbox 1731 997 1955 1052; x_wconf 80' lang='lat' dir='ltr'>dilatasti</span> <span class='ocrx_word' id='word_1_229' title='bbox 1984 995 2141 1050; x_wconf 83' lang='lat' dir='ltr'>mihi.</span> 
     </span>
    </p>

    <p class='ocr_par' dir='ltr' id='par_1_26' title="bbox 1371 1066 2223 1199">
     <span class='ocr_line' id='line_1_53' title="bbox 1440 1066 2223 1133; baseline -0.005 -8"><span class='ocrx_word' id='word_1_230' title='bbox 1440 1072 1687 1125; x_wconf 74' lang='lat' dir='ltr'>Miserere</span> <span class='ocrx_word' id='word_1_231' title='bbox 1710 1071 1820 1123; x_wconf 80' lang='lat' dir='ltr'>mei</span> <span class='ocrx_word' id='word_1_232' title='bbox 1839 1109 1861 1133; x_wconf 75' lang='lat'>,·</span> <span class='ocrx_word' id='word_1_233' title='bbox 1886 1069 1914 1098; x_wconf 70' lang='lat'><em>*</em></span> <span class='ocrx_word' id='word_1_234' title='bbox 1942 1076 1997 1122; x_wconf 88' lang='lat' dir='ltr'>et</span> <span class='ocrx_word' id='word_1_235' title='bbox 2026 1066 2223 1122; x_wconf 82' lang='lat' dir='ltr'>exaudi</span> 
     </span>
     <span class='ocr_line' id='line_1_54' title="bbox 1371 1145 1883 1199; baseline -0.008 0"><span class='ocrx_word' id='word_1_236' title='bbox 1371 1145 1665 1199; x_wconf 79' lang='lat' dir='ltr'>orationem</span> <span class='ocrx_word' id='word_1_237' title='bbox 1691 1157 1883 1195; x_wconf 87' lang='lat' dir='ltr'>meam.</span> 
     </span>
    </p>

    <p class='ocr_par' dir='ltr' id='par_1_27' title="bbox 1369 1215 2226 1500">
     <span class='ocr_line' id='line_1_55' title="bbox 1442 1215 2224 1282; baseline -0.008 -12"><span class='ocrx_word' id='word_1_238' title='bbox 1442 1216 1563 1270; x_wconf 81' lang='lat' dir='ltr'>Filii</span> <span class='ocrx_word' id='word_1_239' title='bbox 1590 1215 1900 1276; x_wconf 78' lang='lat' dir='ltr'>hominum,</span> <span class='ocrx_word' id='word_1_240' title='bbox 1934 1217 2224 1282; x_wconf 80' lang='lat' dir='ltr'>usquequo·</span> 
     </span>
     <span class='ocr_line' id='line_1_56' title="bbox 1370 1283 2220 1358; baseline -0.005 -16"><span class='ocrx_word' id='word_1_241' title='bbox 1370 1289 1515 1358; x_wconf 82' lang='lat' dir='ltr'>gravi</span> <span class='ocrx_word' id='word_1_242' title='bbox 1544 1285 1745 1340; x_wconf 66' lang='lat' dir='ltr'>corde}&gt;</span> <span class='ocrx_word' id='word_1_243' title='bbox 1772 1287 1799 1315; x_wconf 72' lang='lat'><strong>*</strong></span> <span class='ocrx_word' id='word_1_244' title='bbox 1833 1292 1894 1338; x_wconf 84' lang='lat' dir='ltr'>ut</span> <span class='ocrx_word' id='word_1_245' title='bbox 1926 1285 2062 1354; x_wconf 90' lang='lat' dir='ltr'>quid</span> <span class='ocrx_word' id='word_1_246' title='bbox 2094 1283 2220 1339; x_wconf 83' lang='lat' dir='ltr'>dili-</span> 
     </span>
     <span class='ocr_line' id='line_1_57' title="bbox 1369 1357 2226 1430; baseline -0.004 -16"><span class='ocrx_word' id='word_1_247' title='bbox 1369 1362 1490 1430; x_wconf 87' lang='lat' dir='ltr'>gitis</span> <span class='ocrx_word' id='word_1_248' title='bbox 1529 1359 1813 1414; x_wconf 76' lang='lat' dir='ltr'>vanitatem</span> <span class='ocrx_word' id='word_1_249' title='bbox 1826 1398 1840 1421; x_wconf 90' lang='lat'><strong>‚</strong></span> <span class='ocrx_word' id='word_1_250' title='bbox 1886 1363 1940 1410; x_wconf 85' lang='lat' dir='ltr'>et</span> <span class='ocrx_word' id='word_1_251' title='bbox 1978 1357 2226 1426; x_wconf 64' lang='lat' dir='ltr'>quaeritis</span> 
     </span>
     <span class='ocr_line' id='line_1_58' title="bbox 1370 1432 1745 1500; baseline -0.013 -12"><span class='ocrx_word' id='word_1_252' title='bbox 1370 1432 1745 1500; x_wconf 63' lang='lat' dir='ltr'>mendacium?</span> 
     </span>
    </p>

    <p class='ocr_par' dir='ltr' id='par_1_28' title="bbox 1442 1500 2221 1572">
     <span class='ocr_line' id='line_1_59' title="bbox 1442 1500 2221 1572; baseline -0.005 -14"><span class='ocrx_word' id='word_1_253' title='bbox 1442 1509 1510 1559; x_wconf 92' lang='lat' dir='ltr'>Et</span> <span class='ocrx_word' id='word_1_254' title='bbox 1544 1504 1729 1558; x_wconf 77' lang='lat' dir='ltr'>scitote</span> <span class='ocrx_word' id='word_1_255' title='bbox 1764 1500 2018 1572; x_wconf 75' lang='lat' dir='ltr'>quoniam</span> <span class='ocrx_word' id='word_1_256' title='bbox 2065 1500 2221 1554; x_wconf 86' lang='lat' dir='ltr'>miri-</span> 
     </span>
    </p>
   </div>
   <div class='ocr_carea' id='block_1_15' title="bbox 1370 1573 2313 1631">
    <p class='ocr_par' dir='ltr' id='par_1_29' title="bbox 1370 1573 2313 1631">
     <span class='ocr_line' id='line_1_60' title="bbox 1370 1573 2313 1631; baseline -0.01 0"><span class='ocrx_word' id='word_1_257' title='bbox 1370 1577 1545 1631; x_wconf 74' lang='lat' dir='ltr'>ficavit</span> <span class='ocrx_word' id='word_1_258' title='bbox 1631 1573 1895 1631; x_wconf 76' lang='lat' dir='ltr'>Dominus</span> <span class='ocrx_word' id='word_1_259' title='bbox 1974 1581 2222 1626; x_wconf 85' lang='lat' dir='ltr'>sanctum</span> <span class='ocrx_word' id='word_1_260' title='bbox 2307 1615 2313 1622; x_wconf 93' lang='lat'>.</span> 
     </span>
    </p>
   </div>
   <div class='ocr_carea' id='block_1_16' title="bbox 1361 1644 2223 3092">
    <p class='ocr_par' dir='ltr' id='par_1_30' title="bbox 1368 1644 2223 1785">
     <span class='ocr_line' id='line_1_61' title="bbox 1370 1644 2223 1702; baseline -0.002 0"><span class='ocrx_word' id='word_1_261' title='bbox 1370 1665 1525 1702; x_wconf 89' lang='lat' dir='ltr'>suum</span> <span class='ocrx_word' id='word_1_262' title='bbox 1548 1671 1567 1700; x_wconf 72' lang='grc' dir='ltr'><strong><em>ε</em></strong></span> <span class='ocrx_word' id='word_1_263' title='bbox 1602 1648 1630 1678; x_wconf 68' lang='lat'>³*</span> <span class='ocrx_word' id='word_1_264' title='bbox 1671 1647 1953 1701; x_wconf 79' lang='lat' dir='ltr'>Dominus·</span> <span class='ocrx_word' id='word_1_265' title='bbox 1973 1644 2223 1700; x_wconf 75' lang='lat' dir='ltr'>exaudiet</span> 
     </span>
     <span class='ocr_line' id='line_1_62' title="bbox 1368 1716 2215 1785; baseline -0.004 -10"><span class='ocrx_word' id='word_1_266' title='bbox 1368 1738 1457 1774; x_wconf 91' lang='lat' dir='ltr'>me</span> <span class='ocrx_word' id='word_1_267' title='bbox 1477 1761 1491 1785; x_wconf 90' lang='lat'><strong><em>‚</em></strong></span> <span class='ocrx_word' id='word_1_268' title='bbox 1519 1721 1643 1775; x_wconf 77' lang='lat' dir='ltr'>cum</span> <span class='ocrx_word' id='word_1_269' title='bbox 1666 1716 1958 1772; x_wconf 72' lang='lat' dir='ltr'>clamavero</span> <span class='ocrx_word' id='word_1_270' title='bbox 1978 1718 2048 1770; x_wconf 89' lang='lat' dir='ltr'>ad</span> <span class='ocrx_word' id='word_1_271' title='bbox 2064 1733 2215 1772; x_wconf 87' lang='lat' dir='ltr'>eum.</span> 
     </span>
    </p>

    <p class='ocr_par' dir='ltr' id='par_1_31' title="bbox 1368 1788 2222 2079">
     <span class='ocr_line' id='line_1_63' title="bbox 1442 1788 2221 1862; baseline -0.005 -14"><span class='ocrx_word' id='word_1_272' title='bbox 1442 1791 1737 1848; x_wconf 77' lang='lat' dir='ltr'>Irascimini</span> <span class='ocrx_word' id='word_1_273' title='bbox 1754 1831 1768 1854; x_wconf 95' lang='lat'>‚</span> <span class='ocrx_word' id='word_1_274' title='bbox 1804 1798 1857 1843; x_wconf 86' lang='lat' dir='ltr'>et</span> <span class='ocrx_word' id='word_1_275' title='bbox 1889 1788 2057 1844; x_wconf 90' lang='lat' dir='ltr'>nolite</span> <span class='ocrx_word' id='word_1_276' title='bbox 2097 1805 2221 1862; x_wconf 89' lang='lat' dir='ltr'>pec·</span> 
     </span>
     <span class='ocr_line' id='line_1_64' title="bbox 1370 1861 2222 1932; baseline -0.002 -12"><span class='ocrx_word' id='word_1_277' title='bbox 1370 1867 1489 1920; x_wconf 69' lang='lat' dir='ltr'>care</span> <span class='ocrx_word' id='word_1_278' title='bbox 1520 1886 1532 1916; x_wconf 73' lang='grc' dir='ltr'>ι</span> <span class='ocrx_word' id='word_1_279' title='bbox 1555 1864 1581 1893; x_wconf 70' lang='lat'>³*</span> <span class='ocrx_word' id='word_1_280' title='bbox 1606 1880 1725 1932; x_wconf 83' lang='lat' dir='ltr'>quae</span> <span class='ocrx_word' id='word_1_281' title='bbox 1768 1861 1941 1917; x_wconf 84' lang='lat' dir='ltr'>dicitis</span> <span class='ocrx_word' id='word_1_282' title='bbox 1964 1861 2023 1915; x_wconf 87' lang='lat' dir='ltr'>in</span> <span class='ocrx_word' id='word_1_283' title='bbox 2048 1863 2222 1918; x_wconf 76' lang='lat' dir='ltr'>cordi·</span> 
     </span>
     <span class='ocr_line' id='line_1_65' title="bbox 1368 1932 2222 1998; baseline -0.006 -6"><span class='ocrx_word' id='word_1_284' title='bbox 1368 1938 1471 1992; x_wconf 88' lang='lat' dir='ltr'>bus</span> <span class='ocrx_word' id='word_1_285' title='bbox 1489 1935 1697 1998; x_wconf 80' lang='lat' dir='ltr'>vestriS‚</span> <span class='ocrx_word' id='word_1_286' title='bbox 1733 1935 1791 1988; x_wconf 89' lang='lat' dir='ltr'>in</span> <span class='ocrx_word' id='word_1_287' title='bbox 1819 1932 2087 1990; x_wconf 83' lang='lat' dir='ltr'>cubilibus</span> <span class='ocrx_word' id='word_1_288' title='bbox 2112 1949 2222 1994; x_wconf 80' lang='lat' dir='ltr'>ves·</span> 
     </span>
     <span class='ocr_line' id='line_1_66' title="bbox 1368 2006 1923 2079; baseline -0.002 -15"><span class='ocrx_word' id='word_1_289' title='bbox 1368 2011 1462 2064; x_wconf 83' lang='lat' dir='ltr'>tris</span> <span class='ocrx_word' id='word_1_290' title='bbox 1478 2006 1923 2079; x_wconf 79' lang='lat' dir='ltr'>compungimini.</span> 
     </span>
    </p>

    <p class='ocr_par' dir='ltr' id='par_1_32' title="bbox 1366 2080 2222 2355">
     <span class='ocr_line' id='line_1_67' title="bbox 1441 2080 2222 2149; baseline -0.001 -14"><span class='ocrx_word' id='word_1_291' title='bbox 1441 2080 1743 2135; x_wconf 78' lang='lat' dir='ltr'>sacrificate</span> <span class='ocrx_word' id='word_1_292' title='bbox 1758 2080 2085 2135; x_wconf 87' lang='lat' dir='ltr'>sacrificium</span> <span class='ocrx_word' id='word_1_293' title='bbox 2108 2081 2222 2149; x_wconf 85' lang='lat' dir='ltr'>jus·</span> 
     </span>
     <span class='ocr_line' id='line_1_68' title="bbox 1369 2152 2220 2225; baseline -0.004 -17"><span class='ocrx_word' id='word_1_294' title='bbox 1369 2154 1518 2217; x_wconf 80' lang='lat' dir='ltr'>titiae,</span> <span class='ocrx_word' id='word_1_295' title='bbox 1543 2160 1601 2207; x_wconf 73' lang='lat' dir='ltr'>et‘</span> <span class='ocrx_word' id='word_1_296' title='bbox 1619 2156 1819 2225; x_wconf 59' lang='lat' dir='ltr'>sperae</span> <span class='ocrx_word' id='word_1_297' title='bbox 1836 2154 1896 2206; x_wconf 88' lang='lat' dir='ltr'>in</span> <span class='ocrx_word' id='word_1_298' title='bbox 1915 2152 2177 2213; x_wconf 66' lang='lat' dir='ltr'>Domino:</span> <span class='ocrx_word' id='word_1_299' title='bbox 2193 2153 2220 2181; x_wconf 72' lang='lat'>¹*</span> 
     </span>
     <span class='ocr_line' id='line_1_69' title="bbox 1366 2224 2220 2291; baseline -0.002 -10"><span class='ocrx_word' id='word_1_300' title='bbox 1366 2227 1522 2281; x_wconf 90' lang='lat' dir='ltr'>multi</span> <span class='ocrx_word' id='word_1_301' title='bbox 1562 2226 1748 2280; x_wconf 89' lang='lat' dir='ltr'>dicunt</span> <span class='ocrx_word' id='word_1_302' title='bbox 1772 2248 1786 2277; x_wconf 74' lang='grc' dir='ltr'><em>ε</em></span> <span class='ocrx_word' id='word_1_303' title='bbox 1818 2226 1951 2291; x_wconf 84' lang='lat' dir='ltr'>Quis</span> <span class='ocrx_word' id='word_1_304' title='bbox 1984 2224 2220 2281; x_wconf 83' lang='lat' dir='ltr'>ostendit</span> 
     </span>
     <span class='ocr_line' id='line_1_70' title="bbox 1366 2298 1727 2355; baseline -0.014 0"><span class='ocrx_word' id='word_1_305' title='bbox 1366 2298 1525 2355; x_wconf 85' lang='lat' dir='ltr'>nobis</span> <span class='ocrx_word' id='word_1_306' title='bbox 1544 2298 1689 2353; x_wconf 90' lang='lat' dir='ltr'>bona</span> <span class='ocrx_word' id='word_1_307' title='bbox 1701 2299 1727 2350; x_wconf 69' lang='grc' dir='ltr'>Ρ</span> 
     </span>
    </p>

    <p class='ocr_par' dir='ltr' id='par_1_33' title="bbox 1364 2371 2218 2643">
     <span class='ocr_line' id='line_1_71' title="bbox 1438 2371 2218 2441; baseline -0.003 -16"><span class='ocrx_word' id='word_1_308' title='bbox 1438 2371 1716 2441; x_wconf 71' lang='lat' dir='ltr'>Signatum</span> <span class='ocrx_word' id='word_1_309' title='bbox 1737 2377 1815 2424; x_wconf 89' lang='lat' dir='ltr'>est</span> <span class='ocrx_word' id='word_1_310' title='bbox 1832 2385 1992 2441; x_wconf 87' lang='lat' dir='ltr'>super</span> <span class='ocrx_word' id='word_1_311' title='bbox 2015 2386 2118 2423; x_wconf 92' lang='lat' dir='ltr'>nos</span> <span class='ocrx_word' id='word_1_312' title='bbox 2141 2372 2218 2425; x_wconf 90' lang='lat' dir='ltr'>lu-</span> 
     </span>
     <span class='ocr_line' id='line_1_72' title="bbox 1366 2442 2218 2504; baseline -0.004 -7"><span class='ocrx_word' id='word_1_313' title='bbox 1366 2459 1490 2497; x_wconf 89' lang='lat' dir='ltr'>men</span> <span class='ocrx_word' id='word_1_314' title='bbox 1526 2444 1701 2496; x_wconf 73' lang='lat' dir='ltr'>vultus</span> <span class='ocrx_word' id='word_1_315' title='bbox 1738 2442 1848 2504; x_wconf 86' lang='lat' dir='ltr'>tui,</span> <span class='ocrx_word' id='word_1_316' title='bbox 1887 2442 2125 2496; x_wconf 76' lang='lat' dir='ltr'>Domine</span> <span class='ocrx_word' id='word_1_317' title='bbox 2149 2465 2163 2494; x_wconf 69' lang='grc' dir='ltr'>ι</span> <span class='ocrx_word' id='word_1_318' title='bbox 2190 2443 2218 2470; x_wconf 75' lang='lat'>⁴*</span> 
     </span>
     <span class='ocr_line' id='line_1_73' title="bbox 1366 2513 2217 2571; baseline 0 -1"><span class='ocrx_word' id='word_1_319' title='bbox 1366 2515 1556 2571; x_wconf 89' lang='lat' dir='ltr'>dedisti</span> <span class='ocrx_word' id='word_1_320' title='bbox 1618 2514 1855 2570; x_wconf 78' lang='lat' dir='ltr'>laetitiam</span> <span class='ocrx_word' id='word_1_321' title='bbox 1921 2514 1981 2567; x_wconf 90' lang='lat' dir='ltr'>in</span> <span class='ocrx_word' id='word_1_322' title='bbox 2052 2513 2217 2570; x_wconf 85' lang='lat' dir='ltr'>corde</span> 
     </span>
     <span class='ocr_line' id='line_1_74' title="bbox 1364 2604 1502 2643; baseline 0.007 -1"><span class='ocrx_word' id='word_1_323' title='bbox 1364 2604 1502 2643; x_wconf 90' lang='lat' dir='ltr'>meo.</span> 
     </span>
    </p>

    <p class='ocr_par' dir='ltr' id='par_1_34' title="bbox 1367 2657 2220 2801">
     <span class='ocr_line' id='line_1_75' title="bbox 1436 2657 2220 2723; baseline -0.005 -7"><span class='ocrx_word' id='word_1_324' title='bbox 1436 2666 1484 2716; x_wconf 88' lang='lat' dir='ltr'>A</span> <span class='ocrx_word' id='word_1_325' title='bbox 1503 2661 1681 2714; x_wconf 83' lang='lat' dir='ltr'>fructu</span> <span class='ocrx_word' id='word_1_326' title='bbox 1699 2657 1954 2713; x_wconf 88' lang='lat' dir='ltr'>frumenti</span> <span class='ocrx_word' id='word_1_327' title='bbox 1968 2699 1982 2722; x_wconf 94' lang='lat'>,</span> <span class='ocrx_word' id='word_1_328' title='bbox 2004 2658 2120 2713; x_wconf 86' lang='lat' dir='ltr'>vini</span> <span class='ocrx_word' id='word_1_329' title='bbox 2133 2699 2149 2723; x_wconf 86' lang='lat'><strong>‚</strong></span> <span class='ocrx_word' id='word_1_330' title='bbox 2166 2667 2220 2712; x_wconf 89' lang='lat' dir='ltr'>et</span> 
     </span>
     <span class='ocr_line' id='line_1_76' title="bbox 1367 2730 2213 2801; baseline 0 -16"><span class='ocrx_word' id='word_1_331' title='bbox 1367 2732 1471 2786; x_wconf 78' lang='lat' dir='ltr'>olei</span> <span class='ocrx_word' id='word_1_332' title='bbox 1500 2732 1611 2795; x_wconf 88' lang='lat' dir='ltr'>sui,</span> <span class='ocrx_word' id='word_1_333' title='bbox 1639 2732 1666 2760; x_wconf 73' lang='lat'>&#39;‘</span> <span class='ocrx_word' id='word_1_334' title='bbox 1691 2730 2030 2801; x_wconf 75' lang='lat' dir='ltr'>multiplicati</span> <span class='ocrx_word' id='word_1_335' title='bbox 2068 2738 2213 2785; x_wconf 83' lang='lat' dir='ltr'>sunt.</span> 
     </span>
    </p>

    <p class='ocr_par' dir='ltr' id='par_1_35' title="bbox 1363 2803 2217 2945">
     <span class='ocr_line' id='line_1_77' title="bbox 1434 2803 2217 2875; baseline -0.001 -17"><span class='ocrx_word' id='word_1_336' title='bbox 1434 2808 1498 2858; x_wconf 88' lang='lat' dir='ltr'>In</span> <span class='ocrx_word' id='word_1_337' title='bbox 1537 2818 1669 2875; x_wconf 85' lang='lat' dir='ltr'>pace</span> <span class='ocrx_word' id='word_1_338' title='bbox 1710 2804 1767 2857; x_wconf 89' lang='lat' dir='ltr'>in</span> <span class='ocrx_word' id='word_1_339' title='bbox 1813 2803 2051 2873; x_wconf 88' lang='lat' dir='ltr'>idipsum</span> <span class='ocrx_word' id='word_1_340' title='bbox 2097 2803 2217 2857; x_wconf 78' lang='lat' dir='ltr'>dor-</span> 
     </span>
     <span class='ocr_line' id='line_1_78' title="bbox 1363 2876 2048 2945; baseline 0 -16"><span class='ocrx_word' id='word_1_341' title='bbox 1363 2877 1527 2931; x_wconf 91' lang='lat' dir='ltr'>miam</span> <span class='ocrx_word' id='word_1_342' title='bbox 1546 2916 1561 2940; x_wconf 90' lang='lat'><strong>,</strong></span> <span class='ocrx_word' id='word_1_343' title='bbox 1582 2876 1608 2905; x_wconf 71' lang='lat'>⁴*</span> <span class='ocrx_word' id='word_1_344' title='bbox 1631 2882 1685 2929; x_wconf 92' lang='lat' dir='ltr'>et</span> <span class='ocrx_word' id='word_1_345' title='bbox 1702 2876 2048 2945; x_wconf 85' lang='lat' dir='ltr'>requiescam.</span> 
     </span>
    </p>

    <p class='ocr_par' dir='ltr' id='par_1_36' title="bbox 1361 2947 2223 3092">
     <span class='ocr_line' id='line_1_79' title="bbox 1438 2947 2219 3013; baseline -0.001 -11"><span class='ocrx_word' id='word_1_346' title='bbox 1438 2947 1709 3013; x_wconf 77' lang='lat' dir='ltr'>Quoniam</span> <span class='ocrx_word' id='word_1_347' title='bbox 1748 2956 1837 3011; x_wconf 88' lang='lat' dir='ltr'>tu,</span> <span class='ocrx_word' id='word_1_348' title='bbox 1882 2948 2158 3011; x_wconf 76' lang='lat' dir='ltr'>Domine,</span> <span class='ocrx_word' id='word_1_349' title='bbox 2192 2948 2219 2975; x_wconf 75' lang='lat'>⁴*</span> 
     </span>
     <span class='ocr_line' id='line_1_80' title="bbox 1361 3019 2223 3092; baseline 0 -19"><span class='ocrx_word' id='word_1_350' title='bbox 1361 3021 1697 3091; x_wconf 65' lang='lat' dir='ltr'>singulariter</span> <span class='ocrx_word' id='word_1_351' title='bbox 1712 3020 1771 3079; x_wconf 77' lang='lat' dir='ltr'>,in</span> <span class='ocrx_word' id='word_1_352' title='bbox 1792 3035 1881 3092; x_wconf 89' lang='lat' dir='ltr'>spe</span> <span class='ocrx_word' id='word_1_353' title='bbox 1895 3019 2223 3075; x_wconf 85' lang='lat' dir='ltr'>constituisti</span> 
     </span>
    </p>
   </div>
   <div class='ocr_carea' id='block_1_17' title="bbox 1358 3110 1465 3149">
    <p class='ocr_par' dir='ltr' id='par_1_37' title="bbox 1358 3110 1465 3149">
     <span class='ocr_line' id='line_1_81' title="bbox 1358 3110 1465 3149; baseline 0.009 -2"><span class='ocrx_word' id='word_1_354' title='bbox 1358 3110 1465 3149; x_wconf 70' lang='lat' dir='ltr'>me.</span> 
     </span>
    </p>
   </div>
   <div class='ocr_carea' id='block_1_18' title="bbox 1362 3166 2217 3379">
    <p class='ocr_par' dir='ltr' id='par_1_38' title="bbox 1362 3166 2217 3379">
     <span class='ocr_line' id='line_1_82' title="bbox 1448 3166 1955 3235; baseline 0.006 -19"><span class='ocrx_word' id='word_1_355' title='bbox 1448 3182 1455 3197; x_wconf 81' lang='lat'><strong><em>¹</em></strong></span> <span class='ocrx_word' id='word_1_356' title='bbox 1614 3166 1841 3217; x_wconf 71' lang='lat' dir='ltr'>Psmus</span> <span class='ocrx_word' id='word_1_357' title='bbox 1867 3184 1955 3235; x_wconf 85' lang='lat'>90.</span> 
     </span>
     <span class='ocr_line' id='line_1_83' title="bbox 1364 3197 2217 3313; baseline -0.002 -24"><span class='ocrx_word' id='word_1_358' title='bbox 1364 3197 1499 3313; x_wconf 79' lang='lat' dir='ltr'>Qm</span> <span class='ocrx_word' id='word_1_359' title='bbox 1518 3234 1721 3290; x_wconf 71' lang='lat' dir='ltr'>habitat</span> <span class='ocrx_word' id='word_1_360' title='bbox 1744 3237 1802 3289; x_wconf 78' lang='lat' dir='ltr'>in</span> <span class='ocrx_word' id='word_1_361' title='bbox 1824 3235 2105 3305; x_wconf 73' lang='lat' dir='ltr'>adJutorio</span> <span class='ocrx_word' id='word_1_362' title='bbox 2128 3236 2217 3289; x_wconf 83' lang='lat' dir='ltr'>Al-</span> 
     </span>
     <span class='ocr_line' id='line_1_84' title="bbox 1362 3307 2217 3379; baseline -0.001 -17"><span class='ocrx_word' id='word_1_363' title='bbox 1362 3308 1577 3372; x_wconf 85' lang='lat' dir='ltr'>tissimi,</span> <span class='ocrx_word' id='word_1_364' title='bbox 1605 3307 1632 3338; x_wconf 75' lang='lat'><em>*</em></span> <span class='ocrx_word' id='word_1_365' title='bbox 1656 3308 1715 3361; x_wconf 93' lang='lat' dir='ltr'>in</span> <span class='ocrx_word' id='word_1_366' title='bbox 1738 3308 2079 3379; x_wconf 74' lang='lat' dir='ltr'>protectione</span> <span class='ocrx_word' id='word_1_367' title='bbox 2111 3308 2217 3363; x_wconf 89' lang='lat' dir='ltr'>Dei</span> 
     </span>
    </p>
   </div>
   <div class='ocr_carea' id='block_1_19' title="bbox 518 3375 1942 3445">
    <p class='ocr_par' dir='ltr' id='par_1_39' title="bbox 518 3375 1942 3445">
     <span class='ocr_line' id='line_1_85' title="bbox 518 3375 1942 3445; baseline 0.008 -21"><span class='ocrx_word' id='word_1_368' title='bbox 518 3375 639 3427; x_wconf 91' lang='lat' dir='ltr'>Non</span> <span class='ocrx_word' id='word_1_369' title='bbox 663 3378 864 3432; x_wconf 79' lang='lat' dir='ltr'>mortui</span> <span class='ocrx_word' id='word_1_370' title='bbox 889 3377 1185 3434; x_wconf 70' lang='lat' dir='ltr'>laudabunt</span> <span class='ocrx_word' id='word_1_371' title='bbox 1208 3388 1286 3445; x_wconf 88' lang='lat' dir='ltr'>te,</span> <span class='ocrx_word' id='word_1_372' title='bbox 1360 3382 1486 3436; x_wconf 89' lang='lat' dir='ltr'>coeli</span> <span class='ocrx_word' id='word_1_373' title='bbox 1504 3380 1942 3435; x_wconf 78' lang='lat' dir='ltr'>commorabitur.</span> 
     </span>
    </p>
   </div>
   <div class='ocr_carea' id='block_1_20' title="bbox 445 3445 1293 3523">
    <p class='ocr_par' dir='ltr' id='par_1_40' title="bbox 445 3445 1293 3523">
     <span class='ocr_line' id='line_1_86' title="bbox 445 3445 1293 3523; baseline 0.012 -26"><span class='ocrx_word' id='word_1_374' title='bbox 445 3445 712 3513; x_wconf 74' lang='lat' dir='ltr'>Domine,</span> <span class='ocrx_word' id='word_1_375' title='bbox 785 3452 812 3482; x_wconf 45' lang='grc' dir='ltr'><strong>ἢ</strong></span> <span class='ocrx_word' id='word_1_376' title='bbox 858 3468 1033 3523; x_wconf 86' lang='lat' dir='ltr'>neque</span> <span class='ocrx_word' id='word_1_377' title='bbox 1104 3470 1293 3509; x_wconf 90' lang='lat' dir='ltr'>omnes</span> 
     </span>
    </p>
   </div>
   <div class='ocr_carea' id='block_1_21' title="bbox 1431 3452 2217 3524">
    <p class='ocr_par' dir='ltr' id='par_1_41' title="bbox 1431 3452 2217 3524">
     <span class='ocr_line' id='line_1_87' title="bbox 1431 3452 2217 3524; baseline -0.005 -15"><span class='ocrx_word' id='word_1_378' title='bbox 1431 3454 1585 3509; x_wconf 90' lang='lat' dir='ltr'>Dicet</span> <span class='ocrx_word' id='word_1_379' title='bbox 1618 3452 1856 3507; x_wconf 75' lang='lat' dir='ltr'>Domino</span> <span class='ocrx_word' id='word_1_380' title='bbox 1880 3476 1893 3506; x_wconf 73' lang='grc' dir='ltr'><strong>ε</strong></span> <span class='ocrx_word' id='word_1_381' title='bbox 1922 3454 2217 3524; x_wconf 83' lang='lat' dir='ltr'>susceptor</span> 
     </span>
    </p>
   </div>
  </div>
 </body>
</html>
