2392 4050
663 315 1500 404 GOMMENDATIO
1584 315 1982 400 ANIMAE

950 506 1171 566 ANTE
1215 502 1671 568 DEGESSUM.

500 791 728 861 Primam
754 808 981 862 dicuntur
1005 809 1222 862 Litanioe
1245 810 1415 862 breves
1443 807 1495 860 in
1522 808 1650 861 hunc
1671 807 1869 861 modum
1885 831 1904 860 .-

431 906 717 1026 Knuizs
772 965 991 1019 eleison.
1040 964 1278 1036 Christe,
1353 957 1548 1018 Sancta
1614 962 1786 1017 Maria
1859 963 2216 1034 Magdalene.

442 1067 445 1078 ·
502 1037 719 1091 eleison.
750 1040 944 1108 Kyrie,
974 1039 1193 1092 eleison.

433 1113 629 1162 Sancta
672 1109 868 1174 Maria,
904 1123 1018 1164 ora
1067 1127 1167 1184 pro
1218 1125 1284 1163 eo

508 1184 626 1248 [ve-l
648 1198 730 1235 ea.
751 1187 775 1248 ]

436 1256 640 1308 Omnes
670 1255 842 1308 sancti
872 1256 1065 1326 Angeli
1083 1296 1097 1318 ,
1134 1255 1286 1309 'orate

506 1341 609 1398 pro
633 1342 699 1381 eo
724 1330 840 1394 [vet
866 1345 943 1383 ea.
964 1334 988 1396 ]

433 1404 629 1453 Sancte
654 1399 823 1462 Abel,
1164 1409 1277 1452 ora.

436 1473 631 1526 Omnis
658 1471 857 1526 chorus
874 1476 1173 1536 Justoru'm,
1196 1486 1279 1524 or.

437 1549 632 1598 Sancte
658 1544 961 1610 Abraham,
1167 1561 1278 1598 ora.

439 1620 879 1671 SancteJoannes
897 1618 1149 1690 Baptista,
1168 1633 1280 1671 ora.

440 1694 635 1743 Sancte
658 1689 886 1762 Joseph,
1169 1705 1280 1742 ora.

444 1767 646 1816 Omnes
674 1764 846 1816 sancti
884 1761 1202 1817 Patriarchae
1237 1769 1290 1815 et

509 1833 819 1904 Prophetae,
1116 1835 1281 1887 orate.

437 1909 631 1958 Sancte
658 1909 813 1959 Petre
826 1946 841 1966 ,
1173 1922 1283 1958 ora.

437 1981 630 2031 Sancte
654 1979 818 2030 Paule
834 2017 847 2039 ,
1168 1993 1282 2031 ora.

436 2053 631 2102 Sancte
658 2050 873 2103 Andrea
891 2090 905 2111 ,
1165 2065 1282 2102 ora.

435 2124 629 2174 Sancte
654 2125 887 2174 Joannes
902 2162 917 2183 ‚
1168 2137 1282 2175 ora.

441 2196 646 2247 Omnes
705 2194 874 2246 sancti
936 2192 1180 2264 Apostoli
1237 2203 1292 2247 et

512 2266 859 2335 Evangelistae
872 2304 887 2325 ‚
1109 2267 1282 2321 orate.

442 2343 647 2393 Omnes
685 2339 855 2392 sancti
892 2337 1152 2409 Discipuli
1179 2341 1290 2393 Do-

512 2411 685 2475 mini,
1120 2415 1284 2467 orate.

443 2486 647 2537 Omnes
711 2484 882 2537 sancti
930 2486 1287 2549 Innocentes,

512 2558 664 2610 orate
686 2572 785 2627 pro
812 2572 875 2608 eo
908 2559 1019 2621 [vel
1042 2562 1159 2623 ea.]

442 2631 635 2681 Sancte
658 2627 956 2699 Stephane,
1172 2644 1285 2681 ora.

442 2702 636 2753 Sancte
657 2701 912 2753 Laurenti
934 2742 948 2763 ,
1172 2717 1286 2754 ora.

442 2775 635 2826 Sancte
682 2772 909 2843 Dionysi
962 2787 1089 2825 cum
1137 2774 1294 2826 sociis

514 2844 647 2907 tuis,
670 2846 817 2898 orate
832 2860 933 2915 pro
950 2861 1013 2898 eo
1042 2847 1151 2911 [vet
1176 2862 1258 2899 83.·
1270 2851 1294 2912 ]

448 2919 651 2970 Omnes
736 2917 905 2970 sancti
989 2920 1288 2987 Martyres,

516 2992 665 3043 orate
692 3004 792 3059 pro
814 3005 879 3042 eo
906 2992 1016 3055 [vet
1034 2995 1151 3057 ea.]

444 3065 636 3115 Sancte
662 3062 925 3123 Silvester,

446 3136 637 3187 Sancte
668 3132 998 3203 Angustiae,

444 3207 639 3258 Sancte
658 3206 949 3260 Benedicte
965 3246 979 3269 ,

446 3278 639 3329 Sancte
664 3280 945 3332 Francisce
964 3318 977 3339 ,

449 3349 653 3399 Omnes
700 3351 868 3404 sancti
914 3350 1257 3404 Confessores
1276 3390 1290 3413 ,

516 3419 668 3471 orate
690 3434 791 3488 pro
818 3438 884 3476 eo
912 3424 1026 3488 [vet
1050 3438 1127 3477 ea.
1150 3426 1175 3489 ]

1170 3076 1288 3115 01⁸ss-

1172 3148 1288 3186 01⁸3,-

1172 3222 1287 3260 01⁸8·

1173 3272 1308 3331 ora.‘

1423 1052 1520 1090 ora
1541 1051 1644 1107 pro
1671 1051 1735 1088 eo
1765 1039 1884 1103 [vel
1907 1053 1992 1091 ea.
2016 1041 2042 1104 J

1353 1111 1548 1179 Sancta
1577 1109 1780 1181 Thecla
1798 1149 1812 1172 ,

1353 1185 1546 1236 Sancta
1571 1181 1738 1234 Lucia
1756 1223 1771 1245 ,
2105 1197 2211 1235 ora.

1354 1259 1550 1308 Sancta
1573 1256 1880 1316 Genovefa,
2101 1269 2210 1308 ora.

1357 1331 1560 1382 Omnes
1631 1333 1832 1380 sanctae
1911 1326 2160 1395 Virgines
2201 1369 2213 1388 ‚

1425 1404 1578 1454 orate
1599 1414 1702 1469 pro
1729 1409 1796 1452 eo
1825 1400 1946 1466 [vet
1967 1415 2050 1452 ea.
2069 1405 2094 1466 ]

1359 1476 1562 1527 Omnes
1581 1473 1766 1526 Sancti
1783 1480 1840 1526 et
1854 1475 2074 1526 Sanctae
2087 1472 2214 1530 Dei,

1425 1546 1742 1599 intercedite
1760 1561 1866 1616 pro
1884 1561 1954 1597 eo
1975 1545 2093 1610 [vet
2107 1549 2214 1610 ea.]

1357 1618 1632 1687 Propitius
1655 1623 1766 1672 esto
1780 1658 1797 1681 ‚
1820 1633 1991 1689 parce
2007 1617 2084 1679 ei,
2106 1617 2212 1669 Do·

1427 1707 1597 1744 mine.

1357 1762 1628 1833 Propitius
1665 1769 1780 1815 esto
1793 1802 1808 1823 ,
1855 1761 2058 1832 adiuva
2094 1775 2208 1814 eum

1431 1836 1546 1900 [vel
1574 1839 1764 1900 eam‚]
1791 1835 2056 1887 Domine.

1359 1905 1627 1976 Propitius
1673 1914 1818 1966 esto,
1873 1903 2046 1958 libera
2093 1919 2206 1956 eum

1431 1980 1542 2044 [vel
1560 1981 1754 2045 eam‚]
1781 1978 2044 2033 Domine.

1361 2050 1443 2105 Ab
1468 2052 1548 2104 ira
1575 2058 1695 2112 tua,
2027 2048 2200 2102 libera.

1360 2126 1406 2177 A
1426 2124 1567 2175 mala
1590 2130 1792 2182 morte,
2027 2118 2203 2176 libera.

1361 2198 1408 2249 A
1431 2196 1688 2281 potestate
1716 2192 1955 2257 diaboli,
2026 2191 2203 2247 libera.

1363 2272 1410 2321 A
1432 2268 1609 2339 poenis
1632 2266 1873 2329 inferni,
2028 2266 2199 2319 libera.

1362 2344 1464 2393 Per
1481 2340 1818 2394 Nativitatem
1842 2345 2016 2400 tuam,
2048 2338 2204 2392 libera

1433 2428 1558 2467 eum
1595 2414 1711 2478 [vel
1735 2428 1885 2474 eam,
1901 2418 1926 2478 ]
1959 2410 2199 2464 Domine.

1363 2487 1463 2539 Per
1524 2488 1754 2539 Crucem
1803 2492 1859 2537 et
1909 2483 2204 2537 Passionem

1436 2564 1617 2619 tuam,
2028 2556 2198 2609 libera.

2102 1125 2211 1162 01⁹8.

1345 2632 1465 2683 ‘Per
1505 2632 1737 2682 Mortem
1783 2634 1838 2681 et
1877 2628 2203 2698 sepulturam

1433 2710 1614 2761 tuam,
2031 2700 2197 2754 libera.

1362 2777 1464 2829 Per
1507 2773 1797 2842 gloriosam
1843 2772 2201 2825 883111188ῑί6-

1433 2863 1557 2901 118111
1579 2853 1758 2905 tuam‚
2029 2844 2198 2898 libera.

1365 2921 1466 2973 Per
1513 2916 1896 2973 admirabilem
1941 2917 2203 2970 Ascensio-

1433 3006 1560 3044 nem
1589 2997 1764 3051 tuam,
2031 2988 2198 3043 libera.

1363 3065 1466 3117 Per
1505 3063 1732 3131 gratiam
1773 3061 2010 3133 Spiritus
2049 3061 2202 3114 sancti

1436 3135 1729 3196 Paracleti,
2031 3132 2196 3187 libera.

1367 3210 1427 3260 ln
1473 3207 1559 3262 die
1597 3205 1828 3275 judicii,
1880 3204 2053 3258 libera
2089 3221 2200 3259 eum

1439 3281 1552 3343 [vel
1575 3295 1691 3331 eam
1709 3283 1767 3344 ,]
1795 3278 2053 3331 Domine.

1367 3352 1702 3414 Peccatores,
1734 3357 1786 3405 te
1811 3352 2089 3419 rogamus,
2119 3365 2198 3403 au-

1440 3422 1497 3479 di
1519 3439 1636 3477 nos·
