2392 4050
500 205 600 256 ¹7⁰

495 299 667 340 unum
696 283 845 353 quod
865 298 1014 337 nunc
1038 290 1119 338 est
1144 281 1204 336 in
1231 290 1346 335 ten-

493 356 791 412 tationibus
823 364 877 410 et
898 353 1352 410 tribulationibus

464 461 471 466 ·
494 434 660 502 hujus
705 431 825 483 vitae
857 470 871 492 ‚
924 431 1149 483 alterum
1201 427 1352 500 quod

492 515 627 560 tunc
643 505 745 559 erit
762 505 823 557 in
836 504 1118 558 securitate
1134 511 1190 556 et
1202 502 1350 558 exul-

494 581 701 634 tati6ne
720 581 999 650 perpetua,
1019 574 1264 632 instituta
1274 586 1352 632 est

494 652 656 707 nobis
695 652 857 706 etiam
895 649 1185 705 celebratio
1213 653 1350 708 duo-

494 741 617 782 rum
631 728 941 794 temporum
955 765 969 786 ‚
990 732 1115 778 ante
1148 727 1351 779 Pascha

494 807 549 854 et
559 805 683 872 post
695 798 921 864 Pascha.
942 799 1084 853 Illud
1110 801 1260 868 quod
1274 805 1354 854 est

496 879 620 927 aute
631 869 859 934 Pascha,
890 870 1154 942 significat
1178 873 1351 927 tribu-

495 948 751 1001 lationem
765 947 822 1000 in
842 961 951 1030 qua
965 946 1131 1000 modo
1140 963 1348 1009 sumum

494 1020 779 1090 quodverb
789 1021 997 1088 agimus
1018 1027 1140 1105 post
1150 1020 1353 1074 Pascha

493 1093 758 1163 significat
770 1092 1163 1148 beatitudinem
1176 1095 1234 1151 in
1249 1111 1352 1164 qua

492 1169 679 1239 postea
716 1168 934 1221 erimus,
984 1171 1125 1220 Ante
1150 1168 1352 1221 Pascha

496 1257 627 1311 ergo
643 1242 791 1310 quod
807 1237 1159 1304 celebramus,
1178 1241 1286 1294 hoc
1301 1250 1353 1296 et

406 1337 415 1344 -
496 1316 742 1383 agimusz
772 1321 895 1384 post
930 1315 1133 1376 Pascha
1172 1323 1352 1369 autem

495 1389 643 1458 quod
672 1386 1007 1442 celebramus
1031 1428 1045 1451 ,
1084 1387 1357 1458 significa-

492 1477 615 1514 mus
639 1464 790 1531 quod
808 1461 1057 1515 nondum
1078 1465 1344 1519 tenemus.

498 1539 790 1606 Propterea
814 1536 961 1589 illud
972 1542 1183 1606 tempus
1201 1537 1260 1590 in
1277 1539 1355 1606 je·

490 1608 663 1676 juniis
694 1616 748 1661 et
772 1607 1111 1662 orationibus
1140 1613 1353 1663 exerce-

495 1696 649 1733 mus=
686 1680 793 1733 hoc
822 1683 947 1734 vero
988 1684 1231 1736 relaxAtis
1268 1686 1350 1752 je-

490 1754 661 1823 juniis
686 1755 747 1807 in
774 1753 1024 1809 laudibus
1046 1758 1272 1826 agimus.
1290 1761 1355 1810 Et

492 1828 619 1881 ideo
644 1824 1020 1898 illud-teinpus
1046 1835 1171 1884 ante
1184 1847 1355 1883 resur-

492 1902 813 1965 rectionem,
846 1903 952 1956 hoc
976 1912 1099 1974 post
1126 1919 1356 1958 resurre-

492 1974 733 2031 ctionem
742 1975 970 2031 Domini
984 1983 1077 2031 est.
1090 1979 1216 2043 Quo
1226 1981 1353 2033 tem-

492 2063 629 2118 pore
652 2050 987 2117 sigoificatur
1016 2052 1122 2104 vita
1142 2052 1348 2114 futura,

494 2138 657 2191 quam
672 2122 924 2176 nondum
943 2127 1206 2187 tenemus3
1228 2127 1353 2195 quia

495 2196 645 2263 quod
657 2195 1017 2264 significamus
1038 2206 1159 2269 post
1174 2213 1296 2252 resu
1303 2217 1352 2251 r-

493 2269 790 2323 rectionem
834 2271 1055 2325 Domini
1079 2312 1093 2333 ‚
1146 2273 1353 2326 tenebi-

493 2358 616 2395 mus
634 2351 755 2414 post
772 2346 1220 2401 resurrectionem
1236 2362 1354 2400 nos·

492 2423 648 2470 tram.
1054 2436 1066 2447 ‘

570 2504 639 2560 ly.
672 2491 851 2559 Usque
872 2492 929 2544 in
956 2498 1172 2563 tempus
1201 2493 1354 2545 susti-

493 2561 646 2617 nebit
676 2564 916 2633 patiens;
942 2565 969 2591 ¹*
1012 2568 1081 2619 Et
1109 2573 1141 2632 †
1160 2568 1354 2621 Postea

493 2632 730 2690 redditio
740 2637 1117 2703 jucunditatis,
1144 2644 1209 2708 γ.
1223 2643 1353 2693 Om-

493 2707 578 2759 nis
597 2707 879 2777 disciplina
894 2711 953 2761 in
972 2714 1228 2781 praesenti
1244 2715 1354 2783 qui-

495 2780 621 2831 dem
646 2780 859 2833 videtur
873 2799 990 2835 non
1006 2800 1119 2837 esse
1132 2786 1316 2853 gaudii
1334 2828 1348 2849 ‚

494 2850 588 2903 sed
637 2855 913 2915 moeroris;
952 2856 977 2882 ³
1005 2858 1086 2909 Et.
1142 2859 1346 2913 Gloria.

495 2930 526 2987 †
552 2924 757 2977 Postea.
782 2928 935 2979 Eccli.
954 2947 995 2980 1.
1029 2931 1189 2982 Hebr.
1208 2948 1290 2987 12.

579 2998 660 3049 IN
699 3000 791 3051 III
834 3002 1267 3061 NOCTURNO.

755 3076 946 3127 Laevo
988 3092 1074 3127 vn.

490 3142 672 3194 Lectio
687 3148 854 3198 sancti
871 3150 1145 3217 Evangelii
1156 3166 1348 3203 secun-

382 3272 389 3279 ·
489 3215 1039 3339 IdumMatthaeum.
1072 3224 1203 3291 Cap.
1227 3242 1306 3293 17.

540 3302 573 3338 n
598 3288 693 3340 illo
710 3294 955 3363 tempore
974 3314 991 3355 ς
1008 3298 1243 3349 Assumit
1261 3300 1348 3349 Je-

488 3374 577 3411 sus
608 3363 828 3415 Petrum
870 3374 924 3419 et
954 3366 1252 3431 bachum,
1295 3374 1350 3422 et

484 3434 750 3488 Joannem
804 3438 1021 3493 fratrem
1086 3443 1205 3509 ejus
1227 3483 1239 3503 ‚
1295 3450 1348 3495 et

484 3502 633 3561 ducit
664 3508 786 3562 illos
822 3512 881 3564 in
906 3516 1346 3571 montem-excel·

917 195 1165 258 qommca
1190 190 1404 236 mma
1431 193 1832 244 cunnensium.

1419 299 1541 337 sum
1585 297 1853 346 seorsum3
1894 289 1952 337 et
2003 283 2296 354 transfigu-

1419 359 1568 409 ratus
1583 359 1664 409 est
1677 365 1801 410 ante
1823 365 1934 410 eos.
1963 359 2036 410 Et
2047 358 2288 428 reliqua.

1421 428 1658 483 Homilia
1677 431 1848 483 sancti
1874 431 2080 485 Leonis
2099 433 2287 503 Papae.

1550 505 1627 556 De
1655 505 1921 577 Transfig'.
1968 523 2082 574 cap.
2099 505 2153 557 5.

1533 591 1648 628 nni-1·
1665 578 1940 630 Dominus
1968 593 2166 630 coram
2189 579 2288 632 ele-

1422 653 1522 704 ctis
1547 649 1772 704 testibus
1809 651 2044 720 gloriam
2090 667 2250 703 suam
2277 693 2289 712 ‚

1423 730 1475 777 et
1523 729 1874 778 communem
1945 725 2102 778 illam
2161 741 2291 778 cum

1424 797 1613 850 ceteris
1638 799 1882 868 corporis
1902 799 2144 850 sormam
2171 807 2292 852 tan-

1423 879 1480 924 to
1507 872 1797 942 splend6re
1821 871 2086 925 clarificat
2107 912 2120 933 ‚
2151 879 2216 924 ut
2242 881 2292 924 et

1425 944 1586 998 facies
1611 947 1728 1014 ejus
1762 945 1890 1000 solis
1915 945 2120 1016 fulgori
2145 945 2290 998 simi-

1425 1019 1488 1071 lis
1498 1059 1512 1080 ‚
1529 1027 1584 1071 et
1595 1019 1722 1072 vesti
1728 1025 1812 1071 tus
1825 1019 2063 1072 cand6ri
2081 1019 2290 1073 nivium

1425 1096 1562 1145 esset
1587 1093 1825 1162 aequalis,
1861 1096 1925 1146 In
1952 1109 2062 1161 qua
2088 1092 2288 1146 transfi-

1426 1166 1710 1236 guratione
1729 1165 1869 1219 illud
1891 1167 2124 1236 quidem
2141 1167 2288 1236 prin-

1425 1233 1678 1310 cipaliter
1740 1239 2006 1309 agebatur
2022 1282 2036 1303 ‚
2103 1249 2166 1293 ut
2225 1242 2288 1294 de

1425 1312 1685 1367 cordibus
1727 1313 2129 1385 discipulorum
2166 1329 2287 1366 cru·

1425 1388 1502 1439 cis
1517 1388 1836 1442 scandalum
1859 1384 2164 1451 tolleretur}
2187 1402 2289 1440 nec

1425 1455 1776 1515 conturbaret
1793 1461 1990 1514 eorum
2017 1461 2185 1514 fidem
2205 1477 2288 1513 vo-

1426 1535 1678 1588 luntariae
1689 1535 1973 1589 humilitas
2003 1535 2280 1606 passionis,

1425 1607 1625 1678 quibus
1648 1611 1882 1662 revelMa
1902 1618 2043 1662 esset
2061 1607 2283 1662 abscon-

1426 1683 1550 1737 ditae
1619 1683 1938 1736 excellentia
1989 1683 2278 1752 dignitatis.

1425 1755 1532 1809 Sed
1555 1771 1668 1808 non
1694 1757 1912 1810 minore
1949 1755 2284 1826 providentia

1425 1845 1542 1900 spes
1567 1835 1762 1882 sanctae
1795 1831 2054 1883 Ecclesiae
2091 1827 2284 1882 sunda-

1424 1901 1606 1965 Μαῖαν,
1623 1909 1685 1956 ut
1707 1911 1884 1956 totum
1912 1919 2114 1976 corpus
2137 1896 2280 1955 dhri-

1427 1978 1492 2030 sti
1502 1979 1814 2047 agnosceret
1823 1976 1971 2047 quali
1987 1983 2127 2031 esset
2139 1993 2256 2030 com
2265 2007 2279 2014 -

1425 2053 1728 2105 mutatione
1743 2047 2092 2107 donandum:
2106 2058 2165 2104 ut
2174 2050 2284 2118 ejus

1426 2124 1762 2177 sibihonoris
1775 2126 2114 2179 consortium
2126 2140 2280 2177 mem-

1425 2196 1524 2250 bra
1547 2199 1934 2269 promitterent
1950 2240 1963 2261 ‚
1991 2200 2088 2269 qui
2118 2198 2174 2251 in
2201 2198 2280 2249 cai·

1425 2273 1538 2341 pite
1559 2272 1925 2343 praefulsisset.

1497 2358 1559 2413 Re.
1592 2346 1850 2399 Ascendit
1873 2349 2029 2399 Jesus
2055 2346 2115 2397 in
2135 2358 2278 2396 mon-

1425 2424 1536 2471 tem
1565 2426 1625 2471 ut
1643 2423 1824 2473 oraret
1849 2420 1910 2470 2*
1936 2422 2006 2473 Et
2031 2418 2168 2473 facta
2187 2424 2275 2469 est,

1427 2492 1561 2544 dum
1615 2496 1794 2547 oraret
1841 2496 1998 2545 Jesus
2017 2535 2030 2556 ‚
2091 2490 2279 2563 species

1426 2566 1606 2618 vultus
1643 2568 1764 2636 ejus
1801 2566 1990 2620 altera.
2036 2569 2100 2632 γ.
2151 2562 2274 2614 Cum

1429 2638 1779 2693 descenderet
1803 2640 2019 2711 Moyses
2039 2638 2110 2692 de
2127 2650 2274 2689 mon-

1425 2719 1507 2774 te,
1551 2714 1876 2767 clarificatus
1911 2722 1992 2767 est
2048 2716 2272 2781 aspectus

1425 2786 1568 2853 ejuS‚
1613 2804 1676 2839 ex
1707 2787 1986 2840 consortio
2023 2782 2272 2838 sermonis

1423 2859 1795 2913 Domini.*Et.
1815 2862 1996 2930 Luc.9.
2017 2856 2178 2911 Exod.
2191 2857 2264 2917 525.

1584 2936 1778 2989 Lac-no
1815 2950 1931 2985 vm.
1981 2934 2109 3001 Cap.
2146 2932 2192 2993 4.

1428 2950 1855 3061 Com-munins
1899 3008 2029 3060 verb
2055 3004 2266 3074 Aposto-

1425 3078 1516 3141 lis,
1547 3087 1600 3132 et
1641 3080 1709 3133 ad
1745 3095 1972 3131 omnem
2007 3077 2264 3131 scientiam

1419 3153 1785 3222 provehendis
1801 3194 1815 3213 ‚
1843 3154 1949 3205 alia
1975 3166 2190 3223 quoque
2215 3150 2262 3199 in

1419 3225 1518 3277 illo
1536 3227 1804 3279 miraculo
1841 3226 2063 3279 accessit
2083 3222 2262 3277 instru-

1420 3299 1545 3351 ctio.
1577 3300 1788 3369 Moyses
1815 3300 1967 3352 enim
2013 3306 2066 3351 et
2103 3297 2257 3350 Elias.

1419 3374 1526 3422 Lex
1550 3372 1755 3423 scilicet
1779 3380 1831 3425 et
1857 3371 2157 3443 Prophetae,
2188 3384 2263 3437 ap-

1417 3448 1718 3514 paruerunt
1763 3462 1892 3497 cum
1929 3445 2168 3499 Domino
2193 3442 2258 3491 lo-

1418 3526 1674 3587 (luentes,
1707 3527 1768 3571 ut
1799 3518 2080 3572 verissime
2103 3518 2156 3569 in
2183 3514 2260 3565 illa
