2392 4050
776 235 997 273 SABBATO
1025 235 1087 272 An
1110 235 1300 274 noum

1831 237 1928 289 ²⁰9

156 317 297 370 tatem
322 312 639 369 munitam?
660 315 683 342 ¹*
699 315 820 384 quis
839 315 1005 370 dedii-
1068 317 1183 384 jam
1217 331 1333 369 non
1373 321 1454 368 est
1481 303 1778 388 propheta:
1819 316 1845 342 ¹*
1876 323 1930 369 et

152 396 225 443 cet
242 405 331 442 me
349 404 529 458 usque
546 388 605 442 in
623 387 957 442 Idumaeami’

211 465 401 516 Nonne
436 468 531 522 tu,
571 464 745 523 Deus»,
795 461 893 532 qui
926 479 1003 516 re-

151 537 315 608 pulisti
357 549 465 588 nos
478 535 505 586 i>
541 534 568 561 ⁴*
594 541 649 588 et
695 539 813 588 non
852 549 1001 602 egre-

154 611 299 666 dieris
320 647 337 668 ‚
380 611 567 668 Deus;
611 607 671 662 in
716 606 1005 661 virtutibus

151 683 346 737 nostris.

210 759 290 810 Da
313 752 483 808 nobis
510 751 773 806 auxilium
813 753 881 808 de
908 751 1004 806 tri-

148 827 419 882 bulatione
436 867 453 888 ‚
496 827 521 854 ¹*
544 826 673 895 quia
698 843 834 881 vana
864 827 1005 880 salus

148 900 389 957 hominis.

190 979 248 1028 In
260 979 377 1030 Deo
394 971 659 1027 faciemus
676 972 931 1026 virtutem
946 995 960 1032 3
977 971 1003 997 ⁴*

148 1055 195 1101 et
238 1049 351 1118 ipse
396 1047 471 1101 ad
511 1043 747 1100 nihilum
773 1046 1005 1100 deducet

148 1121 459 1176 tribulantes
482 1133 604 1171 nos.

192 1229 221 1269 T
384 1195 621 1246 Psaums
658 1193 746 1260 75.

152 1229 255 1322 Li·
282 1266 442 1336 quid,
474 1269 643 1326 Βοῦς,
670 1264 919 1335 repulisti
943 1264 1001 1316 in

146 1341 339 1394 finem?
358 1340 385 1365 ⁴*
402 1338 575 1392 iratus
600 1345 679 1391 est
705 1338 859 1390 furor
880 1346 1003 1392 tuus

148 1431 301 1487 super
324 1429 455 1466 oves
480 1413 695 1484 pascuae
722 1418 827 1464 tuae
844 1412 869 1464 ’.θ
958 1455 967 1462 .

224 1491 433 1541 Memor
478 1491 595 1539 esto
632 1483 1000 1554 congregati6-

148 1564 231 1615 nis
248 1568 349 1614 tuae
373 1601 387 1622 ‚
408 1561 437 1586 ¹*
450 1575 617 1630 quam
636 1557 920 1630 possedisti
935 1555 1001 1610 ab

144 1635 311 1689 initio.

216 1706 511 1764 Redemisti
544 1706 745 1774 virgam
771 1703 1003 1758 haeredi-

146 1783 263 1835 tatis
296 1787 404 1834 tuae
430 1803 445 1832 ε
494 1781 519 1807 ’
538 1795 701 1832 mons
735 1779 869 1832 Sion
889 1818 903 1840 ‚
943 1778 1001 1832 in

148 1871 251 1924 quo
274 1853 533 1908 habitasti
557 1854 616 1906 in
644 1868 725 1906 eo.

212 1932 349 1981 Leva
374 1942 575 1982 manus
596 1935 714 1980 tuas
732 1927 790 1980 in
819 1926 1001 1994 super-

146 2000 255 2056 bias
268 2003 467 2057 e6rum
487 2000 544 2054 in
561 1999 730 2055 finem
756 2018 771 2049 ι
794 1998 819 2027 ¹*
840 2013 1003 2068 quan-

148 2086 193 2129 ta
218 2077 549 2145 malignatus
572 2080 655 2129 est
670 2072 929 2127 inimicus
945 2072 1003 2125 in

145 2156 321 2203 sancto
345 2156 360 2202 Ξ

212 2226 279 2276 Et
316 2222 539 2292 gloriati
556 2227 711 2283 sunt,
742 2219 839 2289 qui
873 2218 1001 2273 ode-

144 2304 267 2350 runt
284 2304 343 2351 te
358 2336 375 2357 ‚
402 2296 429 2323 ⁴*
456 2296 516 2349 in
536 2295 723 2349 medio
748 2292 1002 2347 solemni-

144 2371 259 2424 tatis
280 2377 410 2422 tuae.

211 2445 531 2497 Posuerunt
578 2441 733 2511 signa
776 2456 870 2493 sua
887 2478 903 2500 ‚
940 2439 1004 2492 si·

146 2534 278 2588 guaz
310 2516 339 2543 ¹*
358 2523 415 2569 et
444 2532 560 2569 non
593 2515 968 2585 cognoverunt
986 2552 1000 2575 ,

146 2594 277 2647 sicut
288 2590 351 2643 in
366 2590 513 2645 Exitu
524 2604 688 2660 super
703 2602 997 2639 summum.

224 2663 399 2730 Quasi
422 2664 485 2717 in
527 2664 657 2715 silva
692 2660 999 2729 lignorum,

148 2735 431 2791 securibus
466 2734 787 2807 exciderunt
809 2733 1007 2802 januas

150 2813 260 2880 ejus
284 2812 347 2865 in
372 2808 614 2879 idipsum
646 2829 659 2859 ι
686 2807 712 2835 ³*
736 2809 797 2861 in
831 2808 1007 2862 securi

150 2894 196 2939 et
222 2884 368 2938 fiscia
394 2882 713 2951 dejecenmt
737 2894 873 2935 eam.

214 2956 597 3013 Incenderunt
618 2954 733 3025 igni
760 2954 1004 3009 sanctua-

150 3032 284 3085 rium
326 3039 489 3084 tuum
519 3052 534 3081 ε
561 3029 587 3056 ⁴*
610 3029 671 3081 in
708 3034 849 3081 terra
887 3028 1005 3098 pol-

154 3106 365 3158 luerunt
389 3101 806 3159 tabernaculum
832 3101 1007 3155 nomi·

152 3181 229 3231 uis
250 3179 351 3235 tui.

218 3252 491 3305 Dixi-irunt
516 3250 575 3303 in
600 3249 769 3303 corde
791 3262 888 3300 suo
916 3263 1005 3300 co-

156 3326 335 3393 gnitio
370 3325 565 3379 eorum
599 3321 801 3376 simule
825 3321 851 3347 ³*
874 3321 1007 3385 Qui-

156 3400 327 3451 escere
366 3398 632 3451 faciamus
667 3400 871 3449 omnes'
896 3394 1009 3449 dies

158 3469 314 3525 festos
338 3471 443 3524 Dei
464 3472 495 3523 a
520 3476 681 3523 terra.

222 3546 389 3615 Signa
412 3548 595 3599 nostra
612 3558 729 3596 non
750 3540 1005 3598 vidimus:

1072 405 1173 444 uos
1192 405 1310 442 non
1327 393 1620 458 cognoscet
1637 389 1886 460 implius.

1229 461 1430 515 Divisio
1455 463 1643 514 Psaun
1668 463 1754 531 75.

1074 496 1420 597 Uscanam,
1450 538 1628 596 Deua,
1655 535 1927 607 imprope-

1076 606 1218 660 rabit
1255 607 1540 662 inimicus?
1574 608 1599 636 ¹*
1625 607 1800 662 irritat
1841 609 1928 662 ad-

1076 682 1338 735 versarius
1393 694 1598 736 nomen
1655 689 1810 735 tuum
1867 684 1926 734 in

1075 753 1278 808 finem?

1158 829 1230 880 Ut
1281 827 1414 895 quid
1465 827 1654 881 avertis
1703 843 1928 882 manum

1077 905 1224 954 tuam
1255 909 1308 954 et
1338 901 1610 954 dexteram
1638 909 1788 954 tuam
1815 901 1840 928 ¹*
1860 903 1926 957 de

1074 972 1258 1028 medio
1283 974 1405 1027 sinu
1429 982 1526 1027 tuo
1547 975 1606 1028 in
1631 973 1831 1028 finem?

1133 1048 1468 1102 Deusautem
1489 1064 1582 1100 rex
1597 1056 1784 1102 noster
1802 1054 1924 1101 ante

1073 1123 1251 1176 secula
1265 1161 1280 1183 ‚
1297 1122 1586 1192 *operatus
1604 1129 1684 1174 est
1701 1121 1926 1174 saltitem

1072 1196 1130 1249 in
1148 1195 1331 1249 medio
1357 1203 1532 1248 terrae.

1145 1269 1232 1319 Tu
1267 1266 1596 1320 confirmasti
1633 1266 1692 1318 in
1730 1265 1926 1319 virtute

1072 1347 1165 1393 tua
1188 1356 1373 1400 mareg
1402 1339 1428 1366 ⁴*
1446 1337 1820 1392 contribulasti
1847 1340 1926 1390 ca-

1071 1415 1184 1485 pita
1210 1412 1508 1466 draconum
1531 1413 1588 1482 in
1608 1411 1773 1480 aquis.

1146 1489 1236 1539 Tu
1267 1484 1578 1554 confregisti
1605 1485 1780 1555 capita
1805 1483 1925 1536 dra-

1073 1561 1226 1614 c6nis
1261 1581 1276 1610 2
1303 1559 1330 1586 ¹*
1351 1557 1542 1614 dedisti
1579 1573 1704 1612 eum
1749 1573 1928 1612 escam

1070 1634 1286 1705 populis
1308 1631 1638 1719 AEthiopum.

1146 1709 1231 1759 Tu
1259 1706 1504 1776 dirupisti
1537 1707 1717 1759 fontes
1738 1713 1790 1758 et
1817 1713 1924 1758 tor-

1071 1786 1246 1834 rentes
1281 1799 1294 1829 =
1343 1781 1368 1807 ⁴*
1387 1786 1444 1832 tu
1485 1779 1694 1833 siccasti
1737 1778 1927 1831 fluvios

1072 1853 1268 1908 Ethan.

1146 1929 1298 1980 Tuus
1333 1931 1410 1978 est
1448 1923 1592 1986 dies,
1630 1929 1683 1976 et
1717 1929 1810 1976 tua
1847 1931 1928 1977 est

1071 2016 1218 2054 nox=
1248 2000 1274 2029 ⁴*
1299 2004 1358 2052 tu
1386 1998 1676 2053 fabricatus
1701 2013 1756 2051 es
1776 1997 1926 2050 auro-

1073 2090 1187 2128 ram
1212 2083 1268 2128 et·
1281 2073 1469 2126 solem.

1146 2150 1231 2200 Tu
1260 2146 1431 2201 fecisti
1457 2161 1642 2199 omnes
1667 2144 1927 2199 terminos

1072 2228 1226 2274 terrae
1261 2242 1275 2272 ε
1306 2221 1333 2248 ¹*
1354 2221 1590 2273 aestatem
1628 2225 1683 2271 et
1721 2234 1832 2279 ver,
1868 2224 1928 2269 tu

1074 2294 1344 2366 plasmasti
1363 2310 1442 2347 ea.

1144 2371 1356 2421 Memor
1381 2374 1492 2419 esto
1519 2364 1683 2433 hujus
1701 2403 1714 2424 ‚
1743 2361 1928 2416 inimi-

1074 2457 1169 2493 cus
1188 2439 1578 2511 improperavit
1604 2435 1844 2489 D6min0
1864 2458 1878 2493 ς
1901 2434 1926 2460 ⁴*

1076 2520 1135 2569 et
1153 2513 1390 2584 populus
1407 2510 1665 2581 insipiens
1688 2506 1932 2559 incitavit

1054 2602 1282 2645 ⁴nomen
1307 2591 1484 2637 tuum.

1160 2662 1204 2713 N
1208 2676 1238 2712 e
1283 2655 1460 2710 tradas
1501 2652 1686 2708 bestiis
1725 2651 1930 2705 animas

1076 2732 1394 2786 confitentes
1430 2727 1562 2787 tibi;
1593 2726 1619 2754 ⁶*
1645 2734 1700 2780 et
1725 2725 1931 2779 animas

1073 2808 1377 2877 pauperum
1416 2804 1632 2856 tuorum
1675 2818 1748 2855 ne
1791 2798 1927 2854 obli-

1076 2881 1290 2934 viscaris
1312 2879 1371 2931 in
1395 2876 1583 2930 finem.

1156 2952 1380 3025 Respice
1435 2952 1493 3004 in
1549 2953 1928 3003 testamentum

1076 3034 1264 3085 tuumz
1294 3026 1321 3051 ⁴*
1359 3025 1487 3093 quia
1536 3022 1726 3093 repleti
1765 3027 1890 3073 sunt
1913 3059 1926 3079 ‚

1080 3102 1173 3170 qui
1192 3098 1468 3153 obscurati
1483 3102 1610 3149 sunt
1631 3100 1784 3149 terrae
1804 3133 1818 3155 ‚
1842 3094 1930 3148 do-

1077 3172 1258 3227 mibus
1282 3172 1646 3239 iniquitatum.

1148 3248 1224 3300 Ne
1240 3246 1503 3307 avertatur
1520 3240 1742 3295 humilis
1756 3239 1932 3292 factus

1079 3319 1366 3374 confususz
1397 3318 1424 3346 ⁴*
1447 3331 1655 3387 pauper
1686 3321 1740 3368 et
1775 3313 1932 3381 inops

1080 3391 1383 3447 laudabunt
1403 3396 1609 3443 nomen
1636 3394 1808 3439 tuum.

1148 3468 1359 3533 Exurge
1375 3504 1390 3526 ‚
1415 3464 1590 3520 Deus:
1611 3460 1799 3528 judica
1813 3469 1933 3505 cau-

1080 3555 1191 3593 sam
1219 3546 1366 3593 tuam
1388 3560 1400 3589 ε
1423 3536 1449 3564 ³*
1468 3548 1680 3589 memor
1698 3537 1810 3583 esto
1829 3528 1932 3579 im-
