2392 4050
937 178 1062 215 mas
1087 179 1285 219 mut.
1938 170 1969 221 5
1984 189 2001 222 ι

215 257 368 307 Maria
407 257 585 325 positae
611 258 668 305 in
697 254 803 306 fine
839 256 1074 309 Psalterii

209 333 310 393 post
341 322 742 390 completorium
758 360 773 384 ,
811 328 1075 375 variantur

207 407 286 457 pro
323 388 594 457 Temporis
636 388 967 455 diversitate,
1016 402 1074 443 ut

207 456 389 506 ibidem
422 463 720 506 annotatur.
811 478 818 485 ⁷

263 522 532 573 Dicuntur
563 532 731 573 autem
823 523 984 574 otidie
1010 542 1072 575 ex

204 598 480 657 praecepto,
519 593 704 639 tamin
734 590 772 640 C
811 607 899 640 oro
991 594 1069 641 :im

200 666 336 705 exn-a
357 653 610 717 eborum,
637 665 753 724 post
781 657 937 725 Comp
958 666 1070 709 eto-

201 726 355 785 rium3
400 730 458 772 et
487 721 702 792 quidem
739 723 886 773 flexis
922 728 1070 792 geni·-

201 788 288 839 bus
301 827 320 851 ,
353 797 698 858 praeterquam
734 793 790 840 in
823 789 1070 841 Domini-

203 858 266 905 cis
279 894 293 917 ,
316 854 584 919 Sabbatis,
607 865 659 907 et
679 856 840 907 Festis
857 857 1068 908 Domini

202 920 260 971 ad
296 930 586 991 utrumque
643 923 1034 991 completorium
1051 963 1064 987 ,

201 1004 252 1038 ae
281 998 392 1039 toto
431 988 684 1059 Tempore
715 990 946 1040 Paschali
964 1029 978 1052 ,
1010 995 1067 1041 in

199 1054 379 1123 quibus
410 1072 521 1105 non
547 1055 920 1125 genuflectitur.
967 1058 1068 1109 Sed

201 1120 260 1170 ad
303 1121 716 1192 uniuscujusque
745 1122 1065 1176 devotionem

201 1186 440 1239 dicuntur
481 1197 598 1257 post
651 1197 839 1240 ceteras
888 1190 1059 1241 Horas.

267 1254 421 1305 Nulla
453 1265 628 1315 autem
661 1254 851 1307 dicitm·
879 1260 937 1307 in
965 1260 1065 1308 tri-

203 1320 297 1371 duo
316 1331 438 1373 ante
464 1321 677 1373 Pascha.

263 1389 380 1439 225.
409 1388 492 1438 De
511 1388 699 1439 Officio
734 1406 888 1458 parvo
909 1390 1064 1441 beatae

1396 304 1591 343 CAPUT
1616 306 1748 343 xlx.

1147 370 1221 418 De
1250 372 1463 424 Psalmis
1486 375 1934 434 Poeniwntialibus,
1958 386 2005 425 ee

1207 438 1329 486 aliis
1350 455 1503 505 usque
1530 442 1598 489 ad
1616 442 1763 505 finem
1783 441 2003 491 Brevia-

1206 520 1295 551 ru.

1206 592 1324 642 226.
1376 592 1562 643 Psalmi
1620 593 2003 645 Poenitentiales

1137 656 1380 709 dicuntur
1398 662 1455 709 in
1478 659 1639 711 Choro
1660 660 1807 711 Ferizi
1860 664 2004 711 uartzi

1141 724 1375 775 Cinerum
1393 735 1503 795 post
1523 728 1727 777 Sextam
1744 764 1757 789 ,
1784 744 1843 777 ac
1878 728 2004 777 'etia

1175 795 1317 843 uinta
1352 796 1409 842 in
1452 794 1605 843 Coena
1647 793 1858 844 Domini
1890 806 2003 863 post

1187 875 1337 908 onam
1356 896 1369 920 ,
1390 868 1448 909 ut
1458 859 1673 910 habetur
1690 864 1747 910 in
1770 860 1998 923 Missali3

1137 934 1187 974 et
1204 923 1269 975 ad
1298 927 1662 977 Processionem
1684 926 2001 977 Litaniamm

1138 995 1389 1045 minorum
1426 992 1509 1043 die
1548 994 2003 1063 vigesima-quinta

1136 1058 1347 1127 Aprilis»,
1376 1063 1514 1109 utin
1552 1059 1927 1111 Processionali.

1202 1140 1318 1190 227.
1336 1125 1413 1175 De
1428 1124 1875 1177 commendatione
1886 1129 1999 1175 ani-

1136 1208 1260 1252 mae,
1298 1190 1361 1241 de
1390 1190 1570 1241 Officio
1597 1190 1963 1241 Defunctorum
1982 1230 1996 1251 ,

1135 1266 1188 1307 et
1243 1257 1603 1308 Benedictione
1666 1262 1721 1307 in
1789 1258 2001 1308 articulo

1137 1326 1340 1386 mortis;
1381 1326 1505 1375 item
1538 1323 1602 1373 de
1640 1323 1999 1374 Benedictione

1136 1407 1319 1441 riiensae
1332 1427 1345 1452 ,
1370 1407 1428 1440 ac
1458 1390 1727 1440 itinerario
1741 1426 1755 1451 ,
1777 1400 1829 1440 et
1860 1397 2003 1439 cete-

209 1452 397 1518 Maxim,
411 1464 466 1507 et
549 1455 732 1507 omoilo
747 1456 1060 1521 dicidebeat,
1133 1461 1205 1507 ris
1240 1474 1354 1526 quae
1390 1460 1523 1507 circa
1560 1456 1714 1507 finem
1752 1456 2001 1509 Breviorii

205 1518 453 1573 habentur
473 1473 710 1573 auubricae
727 1529 940 1594 propriae
974 1542 1064 1575 suo
1133 1527 1359 1593 apposita
1406 1533 1553 1585 sunt,
1600 1522 1854 1573 habentur
1893 1526 1997 1573 suis

204 1585 322 1649 loeo,
339 1591 399 1639 in
411 1589 518 1639 fine
536 1590 801 1641 Breviarii.
1132 1591 1256 1642 locis
1278 1595 1487 1661 propriae
1512 1590 1761 1641 Rubricoe.

203 1723 1285 1776 mmm-ea«-
1722 1728 1996 1761 «αα-ιιι.

287 1843 440 1927 DE
497 1844 882 1929 FESTIS
933 1847 1073 1930 SS.

1126 1843 1899 1964 PATRONORUM

908 1996 1286 2048 APPEme.

261 2109 388 2160 Cinn
404 2148 420 2174 ,
435 2113 735 2162 auctoritate
747 2111 1055 2187 ᾼΡοεωΙὶοό,
1128 2129 1184 2164 ea
1209 2111 1479 2163 Dominica
1501 2150 1515 2174 ‚
1548 2115 1607 2162 in
1622 2129 1739 2188 ‘qua
1774 2115 1991 2162 transfo-

205 2175 400 2228 Festum
445 2177 653 2229 Pan-oni
682 2195 925 2248 cujusque
959 2179 1059 2230 Ec—

198 2241 354 2296 deniae
382 2242 596 2307 debeat,
633 2262 722 2313 per
751 2255 908 2296 totam
931 2245 1058 2296 Gal-

197 2307 311 2358 liam
325 2347 340 2372 ,
379 2309 656 2361 transferri.
680 2314 738 2362 in
810 2314 1057 2362 roximio—

198 2389 294 2426 rem
309 2377 670 2441 Dominicam3
692 2376 754 2428 de
806 2377 1056 2446 ujusmodi

197 2443 520 2494 translatione
585 2443 940 2495 raescribuntur
975 2463 1056 2497 se-

194 2517 402 2575 quentes
421 2461 626 2578 reguEe.

257 2590 304 2624 ι.
327 2575 540 2626 Festum
573 2577 799 2639 Patroni,
830 2595 886 2628 ac
901 2580 1054 2628 etiam

193 2639 438 2694 Titularis
471 2645 517 2692 si
558 2642 588 2692 ὲ
641 2643 856 2696 Patrono
899 2642 1056 2694 diffe—

192 2708 677 2826 Ztlfiffilleizbrandurn
701 2719 778 2760 est
784 2747 832 2826 b
838 2709 932 2791 suli
951 2713 1056 2790 riti}

436 2805 470 2814 -
483 2792 674 2826 minori
833 2793 1055 2827 omimca

189 2843 418 2908 proxime
454 2813 866 2912 sequente'diem
905 2842 1052 2893 illum

186 2911 276 2976 qui
303 2911 367 2958 in.
395 2907 694 2959 calendario
719 2911 818 2977 ipsi
833 2913 928 2960 assi
999 2927 1056 2958 a·-

187 2979 296 3035 tur3
331 2990 444 3025 non
475 2974 624 3026 modo
653 2977 710 3024 in
731 2991 791 3026 eo
819 2925 1054 3046 quogtat-

189 3043 322 3090 tinet
359 3040 430 3090 ad
461 3040 832 3092 solemnitatem
871 3050 926 3094 et
961 3040 1054 3092 Of-

189 3105 360 3157 ficium
421 3107 686 3176 publicum
704 3145 720 3170 ,
771 3108 859 3176 sed
897 3111 1050 3158 etiam

185 3172 322 3241 quod
353 3173 422 3224 ad
461 3173 774 3224 Breviarium
813 3177 1050 3243 privatim

187 3239 508 3290 recitandum
529 3259 541 3289 :
565 3243 638 3290 ita
658 3247 718 3290 ut
739 3239 848 3292 haec
875 3241 1054 3292 Domi-

187 3307 300 3356 uim
343 3304 597 3358 habeatur
643 3315 732 3356 tan
767 3325 884 3357 uam
929 3324 1051 3377 pro-

187 3370 452 3439 piusdica
467 3372 638 3436 Festi,
663 3381 714 3423 et
804 3383 918 3427 tava
935 3391 1052 3424 cur-

187 3446 263 3487 rat
289 3453 382 3508 per
413 3437 780 3490 hebdomadam
809 3459 844 3490 u
941 3458 969 3492 e
987 3439 1050 3492 ad

187 3501 514 3558 Dominioem
527 3514 839 3577 sequentem.
899 3507 1052 3560 ivero

1126 2178 1337 2229 rendum
1377 2179 1506 2230 foret
1545 2177 1835 2247 hujusmodi
1887 2179 1926 2227 F
1930 2197 1991 2228 e-

1127 2254 1281 2308 stum,
1298 2246 1479 2315 privile
1514 2248 1615 2296 iata
1634 2249 1720 2306 sit,
1734 2253 1823 2296 aut
1836 2247 1905 2294 im
1974 2275 1989 2284 -

1125 2310 1233 2362 dita
1252 2313 1399 2363 Festo
1416 2312 1484 2362 So
1506 2314 1643 2362 emni
1656 2320 1706 2360 et
1718 2311 1883 2379 supra,
1940 2331 1991 2360 v..

1125 2386 1259 2428 stum
1301 2378 1507 2428 Patroni
1537 2380 1713 2445 reponi
1743 2376 1895 2426 debet
1932 2381 1991 2428 in

1125 2447 1480 2512 proximiorem
1527 2444 1849 2493 Dominicam
1886 2459 1991 2494 non

1124 2509 1451 2578 impeditam3
1492 2508 1576 2560 vel
1608 2511 1760 2558 etiam
1804 2511 1992 2560 antici-

1125 2579 1255 2644 pari,
1280 2579 1324 2626 si
1344 2574 1603 2626 commode
1625 2571 1881 2624 transferri
1902 2591 1993 2626 ne-

1124 2651 1296 2712 queat.
1322 2641 1471 2708 Quod
1488 2644 1533 2691 si
1554 2657 1617 2692 sae
1700 2642 1880 2709 saepius
1897 2643 1988 2696 in·-

1124 2709 1315 2760 cideret
1342 2712 1397 2759 in
1436 2709 1576 2778 aliqu
1670 2715 1865 2776 tempus
1885 2726 1989 2778 quo
2022 2739 2032 2746 -

1122 2774 1424 2826 difficillime
1480 2775 1752 2825 Dominica
1806 2791 1988 2828 vacans

1123 2845 1358 2905 occurrit,
1371 2860 1421 2896 v.
1443 2860 1489 2912 g.
1508 2842 1537 2891 a
1552 2842 1784 2892 Passione
1806 2839 1870 2891 ad
1884 2841 1989 2893 Do-

1123 2912 1364 2960 minicam
1398 2912 1457 2958 in
1476 2907 1623 2958 Albis
1642 2945 1657 2970 ‚
1687 2908 1770 2959 vel
1793 2907 1821 2956 ὁ
1853 2907 1986 2959 Pen-

1126 2983 1307 3026 tecoste
1350 2974 1415 3026 ad
1458 2975 1698 3028 Octavam
1757 2973 1984 3042 Corporis

1124 3041 1341 3104 Christi5
1386 3049 1507 3092 tunc
1538 3043 1586 3090 ei
1624 3039 1985 3109 praestituenda

1122 3117 1198 3157 est
1214 3107 1244 3156 a
1260 3107 1328 3156 D.
1346 3106 1736 3176 Archiepiscopo
1755 3123 1857 3156 una
1874 3107 1984 3159 Do-

1122 3177 1311 3224 minica
1342 3177 1401 3224 in
1420 3191 1521 3242 qua
1551 3171 1788 3242 deinceps
1810 3190 1984 3242 perpe-

1123 3249 1212 3292 tuo
1233 3239 1527 3290 celebretur.

1187 3308 1237 3356 A
1274 3323 1332 3356 su
1368 3304 1575 3356 radictis
1614 3304 1799 3374 regulis
1839 3307 1980 3356 exci-

1118 3323 1490 3440 piunturffi'esta
1506 3389 1618 3440 quae
1633 3371 1858 3422 solemni
1876 3373 1982 3420 ritu

1120 3448 1173 3490 et
1183 3438 1331 3506 supra
1341 3455 1428 3507 per
1441 3437 1715 3488 Dioecesim
1726 3435 1982 3486 celebran-

1119 3513 1223 3568 tur,
1246 3512 1299 3556 et
1318 3521 1377 3554 ea
1408 3520 1522 3573 quae
1542 3504 1761 3572 proprias
1788 3498 1981 3548 habent
