2392 4050
435 160 469 217 4
829 158 1070 207 hommes
1105 167 1168 207 An
1206 170 1439 209 orrxcmn
1472 168 1785 207 uocrunuux.

437 266 542 315 am,
571 250 596 278 ³*
615 256 668 303 et
683 248 978 301 secundum
995 249 1279 319 puritatem

435 327 694 377 manuum
736 322 974 373 mearum
1025 320 1283 375 retribuet

434 394 588 449 mihi.

512 465 654 531 Quia
671 462 930 517 custodivi
961 464 1068 517 vias
1090 464 1279 519 Domi-

435 540 493 593 ni
515 580 529 601 ,
565 539 592 566 *
620 552 724 590 nec
756 536 920 608 impie
950 537 1086 606 gessi
1109 540 1140 591 a
1163 542 1279 592 Deo

435 626 583 671 me0;

512 683 783 747 Quoniam
837 680 1022 735 omnia
1072 680 1281 751 judicia

438 758 484 825 ej
493 772 555 809 us
579 757 638 809 in
669 762 960 825 conspectu
981 770 1104 807 meo
1121 794 1137 817 ‚
1178 755 1205 783 ³*
1228 764 1281 809 et

434 828 664 898 justitias
677 829 792 897 ejus
802 842 918 881 non
930 827 1105 897 repuli
1122 829 1152 879 a
1167 843 1272 881 me.

505 904 574 955 Et
617 916 708 953 ero
744 899 1116 956 immaculatus
1151 916 1277 953 cum

436 988 498 1027 eo
512 1014 526 1037 ‚
550 973 576 1001 ⁵*
601 980 654 1027 et
676 970 966 1027 observabo
983 988 1070 1027 me
1087 971 1155 1025 ab
1173 972 1278 1025 ini-

436 1046 634 1114 quitate
658 1062 791 1099 mea.

505 1122 572 1173 Et
589 1116 847 1175 retribuet
863 1115 997 1169 mihi
1013 1117 1279 1171 Dominus

435 1192 727 1245 secundum
749 1189 1012 1259 justitiam
1038 1204 1234 1253 meam,
1252 1190 1278 1218 ³*

434 1271 488 1316 et
523 1263 818 1318 secundum
855 1262 1138 1333 puritatem
1161 1264 1277 1315 ma·

433 1352 606 1389 nuum
635 1338 877 1390 mearum
903 1334 962 1389 in
988 1342 1277 1405 conspectu

434 1410 718 1463 oculorum
743 1410 873 1477 ejus·

509 1484 644 1534 Cum
667 1488 850 1534 sancto
877 1485 1085 1533 sanctus
1107 1480 1227 1541 eriS,
1250 1480 1276 1507 ³*

435 1563 488 1608 et
509 1569 635 1611 cum
662 1553 776 1607 viro
801 1553 1089 1607 innocente
1118 1550 1274 1605 inno·

434 1640 558 1685 cens
579 1625 714 1679 eris.
701 1648 714 1662 ·

504 1702 580 1757 Et
581 1713 706 1753 cum
721 1698 889 1753 electo
901 1696 1100 1751 electus
1113 1696 1235 1759 eriS‚
1250 1697 1276 1725 ³*

433 1780 484 1824 et
509 1786 633 1825 cum
663 1785 908 1857 perverso
944 1768 1269 1839 perverteris.

508 1844 779 1907 Quoniam
804 1850 862 1897 tu
887 1842 1149 1941 populum
1173 1840 1275 1895 bu-

430 1917 613 1971 milem
631 1917 832 1969 salvum
856 1914 1072 1977 facies)
1083 1922 1138 1967 et
1156 1914 1277 1967 ocu-

433 1990 512 2046 los
537 1987 889 2074 superborum
909 1985 1235 2048 humiliabis.

511 2061 785 2126 Quoniam
817 2068 876 2114 tu
901 2060 1170 2120 illuminas
1195 2062 1277 2114 lu-

431 2150 648 2190 cernam
689 2149 902 2195 meam,
939 2133 1209 2186 Domine:
1251 2132 1277 2160 *

430 2211 576 2262 Deus
591 2223 763 2269 mem,
782 2205 1024 2260 illumina
1037 2205 1277 2268 tenebras

429 2295 591 2334 meas.

506 2352 777 2417 Quoniam
819 2352 876 2406 in
903 2315 966 2406 te
1011 2349 1206 2422 eripiar
1247 2352 1277 2402 a

430 2426 749 2488 tentatione,
790 2426 816 2456 ¹*
839 2432 894 2478 et
917 2425 974 2476 in
994 2427 1116 2477 Deo
1151 2438 1275 2477 meo

431 2498 790 2568 transgrediar
819 2511 1052 2550 murum.

593 2574 660 2624 In
685 2569 1107 2652 Quadragesc'ma.

499 2644 626 2696 Ant.
669 2663 718 2710 7.
750 2657 796 2694 c.
829 2641 954 2694 Pius
984 2647 1038 2695 et
1071 2639 1275 2695 miseri-

429 2731 548 2780 cors
597 2720 674 2768 est
717 2717 893 2774 Deus,
943 2720 996 2764 et
1041 2711 1276 2768 remittet

428 2787 490 2840 in
520 2787 608 2842 die
633 2783 999 2838 tribulationis
1034 2788 1268 2855 peccata.

427 2859 580 2912 Εοσίί.
615 2875 663 2910 2.

573 2933 816 3000 Tempore
845 2929 1123 2986 Passionis.

498 3004 626 3056 Ant.
647 3023 709 3072 7.
741 3013 786 3056 a.
812 3005 946 3072 Igno

427 3075 594 3148 cipuli
623 3074 872 3135 verbum·
907 3084 961 3129 et
989 3083 1102 3128 erat
1133 3075 1270 3128 vela·

1348 250 1641 305 examinata
1682 272 1696 301 ε
1741 249 1767 277 *
1801 255 2077 319 protector
2115 260 2191 307 est

1350 322 1596 377 omnium
1620 321 1947 391 sperantium
1968 322 2026 375 in
2044 340 2120 377 se.

1421 393 1693 459 Quoniam
1712 392 1832 463 quis
1842 398 1988 447 Deus
1998 402 2195 466 praeter

1350 466 1679 521 Dominum?
1714 466 1739 493 ³*
1770 474 1861 519 aut
1893 467 2015 536 quis
2046 472 2196 523 Deus

1347 546 1539 611 praeter
1556 542 1734 593 Deum
1758 545 2000 594 nostrum
2012 541 2037 591 P

1414 616 1560 669 Deus
1622 611 1715 681 qui
1808 611 2049 665 raecinxit
2103 628 2195 667 me

1347 685 1562 747 virtute,
1583 683 1609 711 *
1633 692 1688 737 et
1719 698 1757 753 p
1794 684 1900 737 suit
1928 685 2192 739 immacu-

1348 759 1505 812 lAtam
1528 756 1667 809 viam
1691 770 1899 815 meam;

1421 828 1529 893 Qui
1557 828 1785 899 perfecit
1830 828 1995 899 pedes
2040 845 2197 883 meos

1350 910 1600 971 tanquam
1628 900 1942 965 cervorum,
1970 902 2079 956 *et
2104 919 2193 955 su

1344 990 1441 1047 per
1465 974 1665 1027 excelsa
1684 976 1915 1027 statuens
1936 990 2055 1034 me;

1422 1046 1529 1110 Qui
1554 1045 1711 1099 docet
1734 1061 1927 1098 manus
1949 1062 2101 1099 meas
2122 1048 2193 1099 ad

1344 1119 1624 1191 praelium=
1652 1118 1755 1171 *et
1776 1118 1997 1187 posuisti
2023 1127 2089 1173 ut
2111 1136 2191 1173 ar-

1346 1208 1471 1245 cum
1494 1206 1689 1244 aereum
1708 1190 1927 1245 brachia
1955 1208 2109 1250 mea.

1415 1266 1483 1317 Et
1518 1262 1708 1317 dedisti
1741 1262 1875 1315 mihi
1899 1264 2195 1333 protectio-

1344 1352 1473 1389 nem
1512 1336 1691 1391 salutis
1724 1342 1862 1395 tuae;
1898 1335 1924 1362 ¹*
1970 1344 2023 1389 et
2067 1338 2195 1391 dex·

1345 1416 1455 1465 tera
1472 1415 1564 1464 tua
1582 1408 1808 1477 suscepit
1826 1424 1929 1461 me.

1413 1484 1481 1535 Et
1520 1479 1799 1551 disciplina
1836 1488 1926 1533 tua
1963 1482 2201 1535 con-exit

1343 1570 1432 1607 me
1456 1554 1514 1607 in
1536 1552 1738 1614 finem,
1768 1552 1793 1580 ⁴*
1832 1561 1884 1606 et
1906 1553 2198 1625 disciplina

1344 1634 1435 1683 tua
1458 1626 1477 1679 i
1544 1642 1574 1678 a
1594 1641 1683 1679 me
1704 1592 1934 1679 docebit.

1506 1698 1653 1752 atasti
1676 1712 1885 1767 gressus
1898 1713 2051 1751 meos
2065 1698 2195 1750 sub-

1346 1702 1459 1827 tusD
1462 1786 1580 1833 me,
1614 1770 1641 1799 ³*
1664 1778 1717 1824 et
1741 1786 1856 1823 non
1880 1778 2006 1825 sunt
2041 1770 2195 1823 infir·

1344 1847 1484 1899 mata
1502 1842 1717 1911 vestigia
1737 1859 1871 1897 mea.

1412 1918 1705 1985 Persequar
1726 1914 1979 1970 inimicos
2002 1931 2157 1969 meos
2172 1957 2193 1977 ‚

1345 1994 1398 2042 et
1451 1988 1905 2060 comprehendam
1965 1988 2089 2042 illos
2110 2029 2125 2050 ‚
2170 1990 2197 2015 ⁵

1345 2070 1398 2115 et
1418 2077 1533 2116 non
1556 2068 1835 2116 convertar
1858 2061 2035 2116 donee
2052 2060 2195 2114 defi-

1345 2135 1505 2191 ciant.

1418 2205 1763 2275 confringam
1788 2205 1909 2259 illos
1926 2246 1941 2268 ‚
1970 2221 2073 2259 nec
2100 2207 2194 2275 po·

1341 2286 1522 2336 terunt
1538 2285 1673 2336 stare
1698 2299 1711 2330 ε
1736 2278 1762 2305 ¹*
1787 2278 1980 2332 cadent
2003 2277 2197 2332 subtus

1343 2351 1505 2422 pedes
1518 2367 1693 2406 meos.

1415 2427 1483 2480 Et
1512 2422 1837 2494 ,praecmxisti
1871 2439 1961 2476 me
1996 2423 2196 2476 virtute

1346 2495 1414 2550 ad
1434 2497 1667 2559 belum.
1696 2495 1801 2552 *et
1840 2495 2197 2566 supplantasti

1344 2569 1670 2638 insurgentes
1687 2567 1745 2619 in
1770 2583 1856 2620 me
1873 2567 2191 2630 subtusme.

1414 2644 1481 2696 Et
1521 2638 1771 2701 inimicos
1805 2655 1958 2703 meos
1996 2639 2197 2694 dedisti

1342 2712 1479 2766 mibi
1514 2712 1757 2771 dorsum.
1798 2712 1825 2740 ⁴*
1858 2721 1923 2774 et
1939 2712 2197 2767 odientes

1342 2801 1429 2840 me
1454 2770 1827 2855 disperdidisti.

1415 2859 1561 2911 Clam
1568 2860 1813 2919 averunt,
1842 2872 1945 2908 nec
1962 2865 2079 2910 erat
2096 2859 2197 2926 qui

1336 2930 1511 2982 salvos
1550 2929 1793 2982 faceret·
1832 2929 1857 2956 ³*
1894 2929 1965 2990 ad
1998 2929 2195 2989 Domi·

945 3000 1138 3056 rabant
1165 3000 1271 3056 dis·
1339 3019 1505 3064 num,
1535 3019 1635 3055 nec
1660 2999 1925 3055 exaudivit
1946 3015 2058 3054 eos·

1414 3077 1483 3129 Et
1500 3073 1863 3129 comminuam
1880 3088 1975 3126 eos
1983 3080 2055 3126 ut
2066 3075 2199 3142 pul

429 3157 543 3202 tum
579 3155 701 3201 ante
737 3163 854 3210 eos,
883 3155 944 3202 ut
974 3164 1086 3200 non
1110 3146 1269 3201 seuti-
1328 3161 1517 3204 verem
1542 3153 1664 3204 aute
1683 3146 1870 3199 faciem
1892 3145 2073 3198 venti.
2092 3147 2201 3198 *ut

426 3228 546 3275 rent
567 3220 718 3276 illud.
747 3187 864 3274 Lug.
897 3240 947 3290 9.

514 3294 698 3346 Altera
717 3291 894 3345 «invisio
919 3294 1106 3345 Psum
1136 3310 1219 3360 ²7·

1338 3220 1512 3272 lutum
1534 3220 1828 3290 platearum
1854 3216 2049 3272 delebo
2076 3233 2191 3271 eos.

1408 3291 1610 3362 Eripies
1642 3305 1731 3343 me
1773 3289 1843 3344 de
1878 3289 2196 3342 contradic-

427 3328 600 3419 Dnus
641 3382 824 3428 meuS,
860 3364 1159 3447 impolluta
1186 3363 1269 3414 via
1339 3363 1575 3416 tionibus
1596 3363 1819 3434 populi:
1849 3360 1875 3388 ⁵*
1892 3361 2200 3416 constitues

427 3438 574 3512 ejus;
621 3437 834 3508 eloquia
879 3436 1102 3490 Domini
1143 3419 1305 3512 igne}
1334 3451 1421 3490 me
1444 3436 1503 3490 in
1527 3444 1687 3506 caput
1709 3433 1969 3504 gentium.
2168 3457 2177 3466 ·
