2392 4050
408 233 467 270 12

402 309 473 367 ad,
484 307 717 358 ultimam
746 319 903 372 usque
934 301 1260 351 Dominicam

403 383 516 444 post
539 373 862 423 Pentecosten
879 404 893 428 ,
913 369 1157 417 nimirum
1182 383 1191 413 :

478 447 529 489 1⁰
548 437 810 488 Adventus
835 434 1077 494 Domini,
1098 447 1260 506 usque
1295 454 1298 460 ·

407 505 472 556 ad
489 503 732 554 Viailiam
755 500 1050 550 Nativitatis
1066 514 1190 566 ejus.

474 575 529 620 2⁰
560 543 825 620 ‘ivativitas
855 565 1086 625 Domini,
1112 563 1262 613 dein-

408 637 471 686 de
510 634 617 703 ejus
662 631 977 702 Epiphania,
1023 647 1139 680 cum
1172 645 1262 677 sua

358 705 364 712 '
407 717 621 776 quaeque
648 699 865 760 Octava3
895 713 1093 747 necnon
1126 703 1263 744 tem-

405 785 500 836 pus
523 765 743 836 ejusdem
772 763 1067 816 Nativitatis
1084 799 1097 824 ,
1125 759 1264 830 quod

405 832 715 903 protrahitur
754 847 911 898 usque
942 827 1005 878 ad
1041 828 1264 877 Praesen-

410 903 651 950 tationem
667 897 896 946 Domini.
921 894 1025 944 Hzic
1046 895 1262 962 u‘traque

404 974 564 1034 parte,
582 965 752 1014 omnia
768 964 952 1012 suntin
967 961 1169 1028 Proprie
1183 971 1264 1008 re·-

409 1029 671 1101 quir-enda.

480 1097 533 1146 30
554 1096 833 1147 Dominicae
869 1101 921 1142 et
946 1091 1103 1142 Ferioe
1122 1089 1151 1139 εὶ
1168 1089 1265 1140 Se-

409 1165 718 1232 ptuagesima
730 1159 792 1210 ad
852 1157 1261 1226 uadragesimam,

408 1233 467 1279 in
512 1228 699 1298 quibus
756 1225 800 1275 O
856 1229 991 1274 cium
1048 1225 1264 1273 sumitur

406 1299 592 1410 gastim
612 1293 674 1344 de
701 1292 940 1342 Psalterio
958 1328 973 1354 ,
998 1292 1181 1358 partim
1201 1287 1264 1338 de

456 1364 639 1430 roprio.

477 1428 534 1493 4⁰
552 1425 677 1477 Tem
712 1443 771 1475 us
807 1420 1262 1491 Quadragesimale,

410 1492 467 1542 id
484 1501 558 1542 est
574 1529 587 1555 ,
611 1493 641 1541 a
704 1493 807 1540 eria
828 1496 1004 1558 quarta
1027 1488 1264 1537 cinerum

408 1557 476 1607 ad
496 1557 771 1608 Sabbatum
799 1562 1025 1605 sanctum
1044 1589 1057 1612 ,
1086 1556 1145 1602 in
1162 1568 1266 1622 quo

410 1627 667 1692 proprium
688 1629 763 1672 est
781 1628 942 1670 totum
964 1617 1219 1668 Officium.

480 1690 535 1738 5⁰
562 1689 687 1740 Dies
703 1694 901 1738 sanctus
924 1682 1125 1736 Paschae
1148 1701 1264 1734 cnm

412 1773 502 1806 sua
556 1751 868 1805 hebdomada
894 1789 909 1814 ,
968 1759 1019 1800 et
1068 1758 1264 1819 tempus

412 1819 652 1872 Paschale
666 1857 683 1883 ,
702 1835 861 1888 usque
885 1815 950 1866 ad
967 1833 1075 1868 eom
1112 1816 1266 1867 letam

410 1887 650 1939 Octavam
693 1886 1005 1936 Pentecostes
1018 1919 1037 1946 ,
1112 1882 1266 1932 abent

408 1957 561 2004 etiam
583 1954 752 2003 omnia
780 1952 994 2020 propria.

476 2021 533 2071 6⁰
551 2019 832 2070 Dominicae
856 2023 908 2066 et
930 2015 1086 2065 Feriae
1103 2052 1117 2077 ,

409 2084 679 2156 aliquando
703 2032 1266 2134 Praesenmionemffi

411 2155 544 2202 mini
563 2160 617 2201 vet
642 2150 1065 2219 Septuagesimam
1096 2151 1264 2197 inter-

409 2216 588 2269 cidunt
609 2220 761 2267 :item
789 2215 1069 2265 Dominicae
1094 2220 1147 2262 et
1166 2214 1265 2263 Fe·-

410 2287 499 2334 rioe
510 2298 815 2343 communes,
902 2298 942 2332 ae
954 2278 1226 2329 succedunt
1235 2280 1264 2328 :i

410 2348 661 2399 Trinitate
688 2348 753 2398 ad
781 2348 826 2397 A
862 2354 1098 2407 ventum,
1126 2344 1265 2394 nihil

406 2414 600 2465 habent
622 2416 876 2484 proprium
892 2450 906 2474 ,
929 2414 1031 2461 nisi
1064 2411 1264 2461 Lectio-

409 2498 499 2532 nes
513 2519 528 2544 ,
574 2481 898 2550 Responsoria
916 2515 930 2540 ,
970 2476 1261 2539 Orationes,

408 2557 569 2617 atque
578 2550 751 2610 etiam,
774 2550 832 2595 in
853 2546 1135 2595 Dominicis
1154 2552 1266 2592 tan-

406 2614 517 2663 tum
533 2652 547 2676 ,
590 2612 909 2682 Antiphonas
946 2608 1013 2659 ad
1051 2611 1270 2659 Benedi-

408 2688 517 2727 ctus
550 2686 602 2729 et
634 2678 697 2728 ad
738 2677 1051 2741 magnificat,-
1088 2682 1262 2724 ceterae

409 2742 580 2794 Officii
632 2752 793 2812 partes
849 2738 1178 2789 desumuntur
1235 2740 1263 2790 ὲ

409 2808 667 2859 Psalterio.

476 2890 558 2942 71.
594 2873 772 2924 Officia
802 2871 1057 2921 Festorum
1092 2868 1263 2919 mobi-

406 2939 536 2990 lium
558 2943 743 3009 pariter
772 2937 1023 2988 habentur
1050 2938 1106 2984 in
1136 2938 1264 2985 Pro-

401 3010 519 3070 prio
564 3009 625 3056 de
679 3008 923 3069 Tempore.
978 3000 1262 3053 Ceterorum

406 3072 527 3121 vero
565 3070 823 3121 Festorum
852 3066 1049 3128 Officia,
1078 3077 1182 3117 tam
1199 3066 1262 3117 de

407 3135 630 3187 Domino
646 3174 660 3199 ,
688 3136 839 3216 quam
860 3132 922 3182 de
944 3133 1002 3181 Β.
1026 3132 1191 3183 Maria
1211 3141 1263 3183 et

406 3201 520 3252 aliis
542 3202 739 3253 Sanctis
753 3240 767 3264 ,
783 3199 954 3269 jacent
978 3202 1036 3249 in
1054 3201 1264 3265 Proprie

405 3268 704 3318 Sam-torum.

478 3347 559 3397 72.
587 3332 712 3383 Ciam
734 3339 900 3381 autem
939 3329 1097 3381 multa
1132 3327 1264 3379 San-

961 221 1279 260 neamenim!
1305 216 1615 255 anunnAmuu

1330 293 1504 345 Officii
1537 300 1700 362 partes
1716 288 2026 360 requirendae
2061 296 2194 338 sunt

1330 365 1386 411 in
1421 361 1668 410 Communi
1701 358 2002 415 Sanctorum,
2040 353 2192 424 quod

1331 425 1515 476 ultimo
1551 425 1824 492 reponitur.

1397 492 1478 556 73.
1505 491 1563 539 Si
1589 486 1924 538 ordinandum
1960 489 2028 536 sit
2048 485 2193 535 Offi-

1331 561 1465 608 cium
1487 557 1548 606 de
1565 555 1832 605 Dominica
1844 552 1926 603 vel
1938 551 2004 602 de
2014 552 2192 614 Feria‚

1336 623 1518 673 Psalmi
1547 637 1738 688 semper
1768 619 2002 669 dicentur
2039 627 2102 667 ut
2129 621 2194 668 in

1337 689 1574 740 Psalterio
1607 687 1836 754 dispositi
1866 692 2015 745 sunt,
2055 683 2194 733 reli-

1331 773 1444 824 quae
1474 755 1594 804 vero
1627 761 1788 821 partes
1815 756 2075 800 sumentur
2103 749 2194 800 vel

1333 826 1390 872 in
1419 822 1622 888 Propi-io
1641 818 1702 868 de
1722 817 1962 884 Tempore
1978 852 1992 876 ,
2023 815 2110 866 vel
2129 818 2194 864 in

1338 887 1576 938 Psalterio
1592 921 1606 945 ,
1639 895 1697 934 ut
1727 899 1842 932 mox
1867 881 2060 932 dictum
2087 889 2189 930 est.

1399 953 1480 1018 74.
1507 953 1564 1002 Si
1581 950 1644 1000 de
1667 950 1811 1000 Festo
1832 951 2015 1016 agitur,
2057 950 2190 996 scire

1332 1027 1525 1084 oportet
1554 1017 1695 1066 Festa
1726 1015 1935 1066 Domini
1951 1022 2002 1062 et
2025 1011 2192 1062 beatae

1338 1085 1520 1134 Μαι-ἤιε
1557 1082 1738 1132 habere
1769 1098 1912 1130 suum
1952 1078 2194 1128 Officium

1313 1165 1585 1267 ,Ψωῖἓω
1607 1185 1621 1209 ,
1642 1151 1696 1197 in
1717 1163 1818 1215 quo
1845 1149 1994 1196 etiam
2015 1143 2194 1194 selecti

1331 1282 1428 1398 {³⁰³3
1459 1213 1970 1350 etl’sgflt‘rgtjdindmnn'l
1931 1210 2192 1328 ballerngdis

1354 1365 1474 1400 0018.

1401 1414 1466 1464 ln
1488 1414 1646 1463 Festis
1660 1429 1728 1482 qu
1799 1427 1860 1460 ue
1889 1410 2191 1460 Sanctorum

1337 1479 1675 1540 Solemnibus,
1714 1478 1757 1527 Ο
1795 1477 1946 1526 icium
1975 1478 2033 1525 in
2065 1475 2192 1524 Pro-

1333 1549 1444 1614 prio
1471 1546 1762 1614 plerumque
1794 1541 2038 1592 habetur:
2071 1557 2188 1609 qnae

1335 1613 1452 1664 vero
1507 1611 1735 1661 deessent
1788 1614 2054 1658 sumuntur
2121 1606 2190 1656 de

1337 1678 1630 1738 Communi,
1653 1679 1922 1744 praesertim
1943 1677 2000 1722 in
2022 1672 2186 1722 Festis

1339 1744 1666 1794 Patronorum
1712 1740 1773 1792 de
1816 1740 2000 1810 quibus
2051 1736 2187 1787 nihil

1335 1818 1528 1860 extaret
1541 1813 1598 1858 in
1629 1809 1849 1875 Proprie.

1403 1875 1504 1926 Sed
1513 1885 1574 1924 ut
1583 1873 1692 1924 haec
1701 1875 1872 1924 omnia
1887 1875 1944 1922 in
1957 1879 2190 1940 promptu

1333 1940 1631 2002 habeantur,
1654 1943 1826 2008 positae
1839 1948 1956 1987 sunt
1967 1937 2067 2006 „de
2085 1939 2190 1986 sin-

1365 2008 1464 2060 ulis
1500 2007 1650 2058 Horis
1667 2021 1934 2073 earumque
1963 2002 2189 2071 partibus

1333 2026 1681 2143 dignoscendis
1697 2110 1712 2134 ,
1753 2072 1936 2141 regulas
1969 2085 2189 2137 sequen-

1333 2149 1434 2202 tes,
1456 2157 1570 2209 quae
1601 2136 1818 2189 secunda
1837 2144 1892 2187 et
1909 2138 2054 2189 tertia
2075 2134 2185 2184 Ru·-

1333 2206 1580 2257 bricarum
1597 2214 1734 2273 parte
1753 2200 2139 2255 concludantur.

1331 2312 2188 2350 »numm-azam

1441 2450 1446 2457 ,
1482 2392 1666 2444 PARS
1698 2390 2044 2443 SECUNDA.

1436 2512 1504 2547 1>ss
1553 2508 1745 2547 nolus
1796 2507 2065 2545 0851011.

1335 2672 1414 2735 75.
1442 2638 1707 2722 orricium
1741 2678 1816 2719 est
1854 2668 2184 2730 Nocturnum,

1332 2736 1415 2788 vel
1447 2735 1722 2785 Diurnum.

1397 2800 1631 2851 Officium
1673 2800 2014 2863 Nocturnum,
2051 2800 2188 2870 quod

1333 2871 1485 2917 etiam
1516 2868 1808 2931 Viqite‘ariam
1827 2869 2032 2916 nomine
2053 2882 2188 2915 nun-

1332 2942 1559 3002 cupatur,
1579 2935 1870 2982 institutum
1890 2940 1965 2982 est
1981 2940 2042 2981 ut
2055 2931 2188 2982 cele-

1332 2998 1502 3049 bretur
1521 3008 1676 3049 noctu
1693 2996 1756 3047 ad
1772 2998 2052 3067 exemplum
2073 2997 2186 3046 Da-

1331 3065 1483 3126 vidis,
1539 3068 1595 3114 ui
1613 3064 1780 3113 media
1796 3072 1940 3114 nocte
1957 3062 2189 3131 surgebat

1331 3130 1395 3180 ad
1415 3147 1510 3181 con
1553 3129 1756 3180 tendum
1783 3132 1982 3179 nomini
2001 3128 2188 3179 Domi-

1329 3200 1388 3245 ni
1425 3215 1435 3245 :
1474 3212 1611 3245 nunc
1659 3198 1782 3265 quia
1837 3200 1895 3246 in
1935 3194 2188 3264 plerisque

1331 3262 1452 3312 locis
1467 3298 1484 3324 ,
1517 3278 1580 3311 ex
1631 3277 1872 3313 consensu
1921 3259 2153 3311 Ecclesiae
2168 3298 2183 3322 ‚

1332 3344 1476 3377 mane
1507 3326 1821 3394 persolvitur,
1850 3326 2039 3378 dicitur
2065 3326 2190 3378 vul-—

409 3406 602 3450 etot-um
664 3399 809 3451 Festa
873 3395 1010 3445 nihil
1071 3394 1265 3445 habent
1332 3405 1446 3463 gato
1460 3396 1666 3441 nomine
1696 3396 2013 3443 Matutinum.

410 3469 664 3580 plroprium
688 3503 702 3528 ,
757 3471 933 3533 praeter
969 3462 1228 3513 Lectiones
1244 3497 1259 3524 ,

412 3545 439 3581 ο
504 3548 562 3582 ιιι

1399 3456 1633 3508 Officium
1655 3458 1910 3508 Diumum
1939 3460 2041 3525 (sic
2057 3473 2186 3506 nun-

565 3532 757 3587 terdum
791 3529 1115 3591 Orationem3
1148 3526 1264 3577 aliae
1331 3531 1567 3595 cupatum
1596 3538 1656 3576 eo
1681 3522 1818 3595 quod
1837 3542 1926 3594 per
1943 3522 2080 3603 diem
2100 3539 2183 3573 ce·-
