2392 4050
914 227 1035 266 PARS
1060 230 1236 267 rmus.
1935 229 1966 277 7

214 303 321 354 infr&
338 309 541 374 positas,
574 309 815 374 proximis
846 307 969 376 Cap.
994 323 1041 357 iv

207 380 251 418 et
269 388 311 420 v.

264 437 353 486 Hic
386 433 731 486 annotandum
756 473 769 494 ,
811 435 919 486 dies
955 441 1046 487 in·-

206 511 267 550 tra
298 501 507 552 Octavas
557 499 766 551 secundi
819 509 871 551 et
903 507 1043 552 tertii

203 567 390 618 Ordinis
427 584 531 618 non
578 570 789 616 omnino
818 573 1044 638 aequipa-

200 637 283 682 rari
321 633 480 684 Festis
515 632 978 702 Semiduplicibus,
1015 634 1044 684 ὰ

197 699 365 766 quibus
404 700 571 777 reipsa
615 697 857 749 differunt
896 711 946 750 et
986 703 1043 750 in

196 764 353 815 ordine
393 765 568 815 officii
584 803 597 826 ‚
635 774 687 814 et
714 769 771 814 in
798 783 1044 836 praeroga-

197 833 318 880 tivis.

252 897 329 947 35.
356 897 413 947 Si
434 896 553 946 duae
571 896 773 948 Octavae
788 897 942 947 simul
957 913 1045 948 oc-

192 972 381 1013 currant
402 963 489 1014 vel
506 972 809 1013 concurrant
824 1001 837 1024 ‚
871 972 921 1013 et
938 967 1045 1013 sint

191 1027 353 1078 ordine
387 1030 609 1098 aequales
625 1066 639 1091 ‚
678 1029 768 1078 fiet
806 1029 1041 1080 Officium

191 1093 247 1143 de
265 1094 484 1164 digniori
498 1133 513 1157 ‚
542 1112 658 1145 cum
678 1096 1043 1146 Commemora-

194 1163 313 1212 tione
331 1161 561 1210 alterius.
584 1161 686 1212 Ubi
704 1179 767 1212 au
774 1171 871 1211 tem
890 1162 1043 1212 Octa-

195 1243 247 1275 va
262 1229 533 1295 peculiaris
559 1225 698 1277 Festi
718 1226 929 1296 alicujus
952 1246 1041 1278 ec-

190 1292 339 1343 clesiae
374 1296 641 1344 concurrit
688 1311 801 1343 cum
852 1294 1041 1346 Octava

189 1362 309 1425 paris
340 1358 543 1409 ordinis
580 1367 633 1408 et
680 1358 943 1428 dignitatis
984 1363 1041 1410 in

189 1432 277 1474 tota
330 1425 549 1475 dioecesi
593 1425 842 1476 celebrata
866 1464 880 1488 ,
914 1425 1043 1475 Offi-

189 1493 306 1540 cium
326 1491 388 1540 fit
396 1490 467 1541 de
484 1494 749 1559 posteriori
757 1509 873 1541 cum
893 1492 1041 1542 Com·-

189 1561 543 1608 memoratione
624 1559 759 1607 'oi-is.

242 1623 323 1672 36.
364 1624 447 1672 De
490 1621 575 1672 die
646 1641 669 1672 s
704 1625 839 1672 intra
880 1621 1039 1673 Octa-

188 1703 288 1738 vam
305 1727 321 1751 ,
358 1705 483 1758 quae
520 1697 801 1738 occurreret
840 1692 896 1737 in
932 1689 1041 1739 Ad-

185 1763 350 1816 ventu,
371 1752 739 1824 cujuscumque
756 1757 824 1804 sit
841 1755 1037 1822 graduis,

186 1819 279 1869 sola
300 1820 363 1870 fit
390 1820 829 1870 Commemoratio.
863 1819 1041 1871 Officio

186 1883 277 1935 diei
304 1886 515 1936 Octavae
539 1885 679 1936 locus
706 1894 878 1936 tamen
894 1885 1040 1936 datur

184 1959 291 2002 ante
330 1951 476 2002 diem
528 1952 593 2002 16
640 1951 948 2001 Decembris·
992 1954 1039 2002 Α

190 2016 411 2087 vesperis
452 2027 627 2069 autem
665 2017 771 2068 diei
806 2017 869 2067 15
888 2016 1040 2087 hujus

185 2089 359 2135 mensis
386 2084 456 2134 ad
500 2084 830 2135 Nativitatem
864 2084 1042 2134 Domi·-

187 2154 262 2213 ni;
285 2159 336 2199 et
354 2150 385 2199 a
408 2150 673 2201 Nocturno
704 2150 861 2199 Feriae
887 2167 1041 2220 quar-

187 2226 241 2264 1ae
268 2216 510 2266 cinerum
546 2216 613 2267 ad
641 2216 960 2266 Dominicam
984 2220 1040 2265 in

188 2280 338 2344 Albis,
362 2298 571 2332 necnon
608 2282 639 2331 a
668 2280 862 2349 vigilia
908 2282 1041 2331 Pen—

186 2355 379 2397 tecostes
412 2347 485 2397 ad
524 2347 829 2397 Trinitatem
848 2384 865 2409 ,
902 2346 1039 2397 nihil

186 2410 315 2463 fitde
330 2412 573 2483 qualibet
590 2412 846 2475 Octava,i
930 2472 933 2477 .
1010 2431 1038 2464 e

187 2475 375 2529 Octavae
419 2488 547 2529 ante
588 2487 883 2529 memoratos
966 2483 1038 2530 ies

187 2544 395 2595 nondum
410 2545 657 2595 absolutae
674 2582 688 2607 ,
712 2546 1037 2595 terminandae

184 2619 323 2659 erunt
360 2612 448 2662 vel
484 2610 571 2660 ad'
589 2611 783 2660 Nonam
815 2610 919 2661 diei
949 2611 1040 2661 de-

185 2678 549 2747 cimae-quintae
570 2676 881 2739 Decembris,
908 2678 1037 2745 (nisi

185 2744 245 2790 sit
278 2746 381 2811 ipsa
418 2742 533 2792 dies
576 2741 765 2795 Octava
781 2781 795 2805 ,
835 2742 898 2793 de
937 2760 1039 2814 qua

184 2804 407 2858 dicentur
427 2808 662 2877 Vesper-ae
678 2846 693 2870 ‚
732 2826 847 2859 cum
885 2810 1039 2860 Com-

186 2878 537 2925 memoratione
550 2874 813 2925 Adventus
864 2892 917 2925 er
933 2877 1039 2926 An·

188 2939 447 3006 tiphonam
496 2942 571 3007 0)
603 2940 687 2992 vel
712 2939 774 2991 ad
872 2959 959 3010 mp
978 2959 1039 2991 e-

184 3009 359 3056 torium
383 3006 547 3055 Feriae
566 3010 728 3055 tertiae
835 3018 856 3056 t
872 3008 1040 3073 Quin-

180 3076 517 3141 quagesimam
540 3108 555 3133 ‚
589 3079 678 3122 aut
711 3024 869 3123 Fffisae
888 3084 1038 3123 sextae

182 3146 287 3203 post
316 3138 563 3189 Octavam
600 3139 938 3200 Ascensionis,
959 3155 1041 3189 eo-

180 3200 290 3252 dem
318 3207 425 3253 ritu
458 3221 517 3253 ac
546 3207 725 3253 ceteris
750 3203 929 3254 diebus
949 3208 1039 3254 in-

184 3278 256 3317 tra
273 3269 515 3320 Octavam
540 3308 555 3331 ‚
586 3278 639 3321 et
666 3270 801 3319 nihil
822 3271 1039 3341 amplius

184 3333 271 3383 fiet
284 3334 347 3385 de
369 3354 449 3386 ea.
658 3336 663 3341 ’

248 3401 329 3466 37.
350 3402 481 3451 Cnm
512 3400 804 3453 transfertur
838 3403 1039 3453 Festum

186 3464 369 3517 habens
408 3468 654 3518 Octavam
670 3506 683 3530 ,
721 3485 827 3519 non
872 3478 1041 3519 trans—

186 3530 334 3589 fertur
353 3533 545 3587 Octava
562 3570 579 3597 ,
603 3537 675 3585 ita
697 3543 757 3586 ut
772 3538 816 3586 si
836 3536 1039 3592 Festum

1114 308 1438 360 transferatur
1487 307 1554 357 ad
1591 306 1726 357 diem
1779 313 1970 354 sextam

1115 374 1316 425 Octavae
1330 412 1344 438 ‚
1378 372 1617 443 postridie
1651 372 1765 422 fieri
1789 369 1970 421 debeat

1113 439 1175 490 de
1203 439 1288 491 die
1311 454 1360 490 se
1401 444 1548 503 tima3
1587 441 1822 509 sequenti
1851 437 1968 486 vero

1112 505 1225 569 die,
1257 507 1320 558 de
1379 511 1422 556 ie
1445 506 1660 567 Octava3
1694 515 1746 554 et
1765 508 1806 554 si
1835 502 1967 551 ultra

1113 571 1355 623 Octavam
1388 571 1708 622 transferatur
1732 609 1746 632 ,
1778 568 1964 619 Octava

1112 654 1308 707 prorsus
1333 648 1474 689 vacat
1495 637 1592 689 hoc
1616 653 1766 686 anno.

1178 704 1545 774 Excipiendum
1575 713 1740 754 tamen
1769 703 1970 752 Festum

1116 770 1318 821 Patroni
1337 772 1420 822 vel
1438 770 1695 831 Titularis,
1715 768 1850 839 quod
1870 775 1972 817 sta·-

1113 839 1274 886 tuitur
1295 841 1352 888 iu
1382 837 1552 914 aliqua
1582 836 1880 893 Dominum,
1911 841 1970 882 ut

1112 905 1178 951 sit
1190 907 1418 972 prop-ius
1428 921 1534 973 ejus
1545 903 1668 954 dies.
1676 901 1820 952 Tunc
1829 903 1966 950 enim

1112 967 1302 1018 Octava
1337 968 1489 1038 hujus
1528 969 1662 1018 Festi
1692 965 1968 1017 absolvitur

1112 1033 1382 1088 Dominica
1401 1044 1661 1106 sequente.

1381 1141 1576 1180 GAPUT
1609 1141 1692 1178 lv.

1209 1209 1287 1258 De
1317 1209 1656 1258 concurr-emin
1687 1206 1863 1272 Officii.

1179 1297 1262 1346 38.
1278 1295 1576 1344 Concurrere
1593 1291 1831 1343 dicuntur
1849 1289 1970 1340 Offi-

1111 1365 1189 1411 cia
1208 1398 1221 1421 ,
1249 1363 1447 1441 quoties
1479 1358 1708 1408 secundae
1739 1356 1968 1424 Vesperoe

1112 1425 1286 1476 Offici1
1309 1425 1586 1476 desinentis
1602 1461 1616 1487 ,
1646 1439 1760 1474 cum
1792 1425 1966 1490 primis

1114 1493 1345 1561 Vesper-is
1389 1489 1594 1541 alteri-us
1631 1488 1799 1541 officii
1835 1491 1970 1538 inci·-

1144 1563 1296 1610 ientis
1315 1557 1469 1609 simul
1485 1557 1649 1608 forent
1676 1553 1962 1608 recitandae.

1150 1625 1214 1676 ed
1230 1663 1243 1687 ‚
1266 1629 1390 1694 quia
1417 1623 1472 1674 id
1501 1624 1612 1674 fieri
1640 1639 1743 1673 non
1769 1629 1931 1690 potest
1947 1658 1960 1681 ,

1109 1708 1272 1742 unum
1291 1691 1440 1740 alteri
1459 1689 1602 1740 cedat
1617 1705 1812 1740 necesse
1834 1698 1926 1738 est.

1178 1757 1242 1807 In
1289 1758 1634 1808 concurrentia
1674 1754 1965 1804 Officiorum

1110 1822 1218 1873 haee
1264 1822 1366 1872 duo
1409 1819 1766 1872 consideranda
1813 1830 1931 1869 sunt
1946 1855 1962 1881 ,

1110 1889 1287 1957 gradus
1328 1896 1380 1937 et
1417 1887 1652 1958 dignitas.
1699 1882 1962 1950 Quodnam

1108 1958 1244 2004 inter
1279 1963 1550 2025 utrumque
1585 1956 1654 2002 sit
1695 1952 1965 2002 discrimen

1102 2018 1438 2137 jamfidictum
1474 2028 1549 2071 est
1586 2019 1760 2091 supri,
1803 2034 1858 2067 n.
1903 2017 1964 2081 ¹4

1110 2097 1161 2137 et
1184 2104 1204 2135 1
1250 2123 1263 2136 .

1176 2153 1321 2203 Festa
1340 2154 1684 2203 concurrentia
1709 2166 1822 2219 quae
1843 2158 1962 2199 sunt

1106 2221 1244 2269 inter
1270 2236 1320 2269 se
1352 2218 1558 2287 aequalis
1582 2216 1762 2286 gradus
1792 2223 1845 2265 et
1876 2213 1963 2263 di*-

1108 2288 1336 2353 gustatis,
1373 2282 1650 2335 dimidiant
1689 2280 1958 2349 Vesperas3

1109 2350 1163 2400 id
1196 2359 1272 2400 est
1292 2387 1306 2412 ,
1345 2349 1572 2419 Vesperae
1619 2347 1857 2399 dicuntur
1899 2344 1966 2396 de

1167 2414 1410 2465 aecedenti
1447 2432 1606 2483 usque
1644 2412 1709 2462 ad
1747 2413 1963 2479 Capitu-

1128 2498 1218 2530 um
1251 2480 1501 2531 exclusive
1514 2516 1530 2541 ‚
1559 2486 1610 2529 et
1639 2476 1702 2529 de
1732 2478 1964 2545 sequenti

1108 2546 1141 2595 a
1182 2544 1414 2614 Capitulo
1457 2560 1615 2611 usque
1663 2541 1728 2591 ad
1773 2542 1928 2591 finem
1945 2578 1960 2601 ‚

1108 2629 1224 2663 cum
1268 2610 1744 2661 Commemoratione
1780 2623 1964 2675 praece-

1108 2677 1294 2729 dentis.

1174 2745 1236 2795 Si
1268 2743 1387 2795 vero
1419 2751 1537 2793 sunt
1562 2740 1826 2811 inaequalis
1845 2757 1961 2808 gra-

1096 2810 1221 2873 dus,
1245 2809 1472 2878 Vesper-ae
1497 2812 1703 2875 integrae
1723 2806 1960 2857 dicuntur

1108 2876 1169 2927 de
1220 2876 1367 2925 Festo
1419 2876 1662 2943 superiori
1683 2895 1698 2935 ;
1737 2880 1788 2922 et
1827 2872 1964 2922 Festi

1108 2940 1287 3011 gradus
1307 2940 1558 2991 inferioris
1589 2938 1650 2989 fit
1683 2936 1788 2989 sola
1809 2937 1963 2990 Com-

1107 3010 1400 3057 memoratio
1416 3044 1430 3067 ,
1465 3002 1734 3055 dummodo
1754 3020 1842 3072 pro
1877 3020 1963 3055 so·-

1107 3074 1370 3125 lemnitate
1394 3072 1560 3122 liceat.

1174 3141 1258 3205 39.
1285 3137 1386 3189 Sed
1411 3140 1660 3206 imprimis
1685 3136 1960 3188 notandum

1108 3213 1181 3255 est
1208 3204 1347 3285 quod
1374 3204 1520 3254 Festa
1540 3204 1784 3266 Domini,
1805 3203 1964 3254 beatae

1112 3270 1322 3334 Manae,
1355 3269 1597 3321 Omnium
1629 3269 1924 3321 Sanctorum
1948 3306 1962 3328 ‚

1110 3337 1205 3387 SS.
1243 3336 1549 3406 Angelorum
1571 3373 1586 3399 ,
1623 3335 1680 3385 S.
1724 3335 1964 3387 Joannis—

1110 3404 1179 3452 Ba
1215 3406 1374 3465 tistae,
1399 3402 1455 3451 S.
1480 3400 1688 3469 Joseph,
1713 3400 1808 3450 SS.
1825 3402 1966 3467 Apo-

1110 3478 1187 3519 sto
1207 3486 1350 3519 orum
1399 3477 1450 3518 et
1498 3466 1926 3536 Evangelistarnm
1949 3502 1962 3523 ‚

1110 3544 1310 3612 propter
1324 3551 1496 3589 eorum
1503 3534 1824 3603 dignitatem,
1835 3546 1965 3583 nun·
