2392 4050
972 207 1093 246 uns
1115 207 1294 246 Panu-

240 277 559 330 Dominicam
576 282 635 330 in
654 282 803 334 Albis
820 320 835 345 ‚
858 300 1097 354 quomun-

1239 287 1296 336 51
1307 321 1322 336 .
1364 285 1566 338 Festum
1605 219 2026 367 Duplex—minus?

235 361 331 412 que
366 345 517 396 Festo
550 349 610 396 in
648 365 708 398 ea
745 349 893 399 Feria
929 367 1097 402 ooeur-
1170 353 1304 419 (nisi
1341 355 1409 402 sit
1449 351 1512 404 de
1547 353 1771 404 Domino
1791 390 1808 416 ‚
1840 355 1925 406 vel
1961 357 2024 406 de

234 418 391 460 rente.

292 475 379 540 48.
402 475 808 548 Duplex-majus
836 497 1096 532 occurrens

232 542 287 589 in
318 541 598 594 Dominica
630 547 947 615 privilegiata
961 584 977 610 ‚
1008 556 1099 598 aut

230 607 286 654 in
341 607 493 658 Festo
556 615 827 679 superioris
885 613 1063 682 gradus
1077 651 1093 678 ,

230 671 526 724 transfertur
558 679 617 726 in
637 681 921 744 proximum
960 677 1095 729 diem

228 751 329 788 non
374 739 685 808 impeditum
729 743 875 794 Festo
924 744 1096 797 Semi-

228 800 419 871 duplici
440 814 495 854 et
512 807 663 876 supra
683 827 694 857 :
718 809 972 860 transferri
996 828 1096 880 po-

229 875 323 919 test
338 873 398 919 in
417 869 561 920 diem
581 877 716 924 intra
734 873 975 928 Octavam
993 887 1097 927 ter-

228 937 289 984 tii
303 935 521 1000 ordinis;
537 947 630 988 aut
640 942 793 990 etiam
811 941 1037 1004 secundi,
1050 946 1093 994 si

230 1010 429 1076 propter
448 1009 817 1056 occurrentiam
838 1007 975 1057 Festi
1003 1025 1095 1058 cu—

222 1082 305 1134 Jus
347 1067 545 1120 Octava
592 1069 841 1135 decurrit,
884 1090 972 1124 suo
1008 1072 1091 1125 die

228 1131 337 1183 fieri
371 1150 485 1184 non
510 1139 699 1203 potuit.
722 1137 781 1186 Si
810 1155 923 1208 quae
954 1156 1094 1190 com—

230 1197 369 1248 mode
390 1200 659 1251 transferri
685 1212 973 1272 nequeunt,
999 1223 1093 1256 an-

230 1264 489 1333 ticipanda
508 1274 650 1316 sunt.
677 1267 867 1320 Pariter
889 1270 1089 1322 Festum

228 1327 429 1399 Duplex
452 1331 599 1400 quod
625 1335 684 1382 in
713 1334 883 1404 aliqua
910 1335 1092 1390 Domi·-

226 1399 337 1445 nica
354 1433 368 1458 ,
390 1404 645 1466 tanquam
671 1402 729 1448 in
759 1417 847 1467 pro
881 1404 956 1452 rio
984 1401 1094 1471 ejus

226 1460 305 1512 die
323 1461 525 1531 figitur,
548 1467 596 1514 si
625 1475 823 1534 propter
886 1471 980 1518 esti
1010 1485 1095 1519 su-

228 1531 437 1644 ffiioeis
471 1535 838 1582 occul-rentiam
853 1569 868 1594 ‚
904 1536 963 1584 in
995 1533 1089 1585 hac

310 1597 506 1644 minica
522 1612 631 1646 non
760 1600 802 1647 it
818 1597 1057 1652 celebrari
1071 1638 1087 1663 ,

228 1658 524 1711 transfertur
556 1665 616 1711 in
736 1666 975 1714 minicam
1005 1683 1090 1716 se—

227 1734 489 1794 quentem,
508 1737 600 1776 aut
616 1732 770 1778 etiam
786 1733 1090 1798 anticipatur

227 1791 428 1859 quando
445 1793 534 1844 vel
551 1799 815 1846 necessitas
842 1796 925 1850 vel
944 1797 1091 1848 utili-

232 1866 301 1906 tas
322 1856 379 1907 id
496 1859 645 1909 tulat.

288 1923 375 1989 49.
452 1921 593 1974 fficia
604 1925 709 1978 diei
736 1926 937 1978 Octavae
958 1927 1089 1996 Epi-

232 1985 455 2057 phaniae,
481 1991 823 2057 Ascensionis,
846 1992 1087 2047 Omnium

232 2056 530 2107 Sanctorum
548 2095 565 2120 ,
594 2066 646 2109 et
663 2059 761 2110 alia
780 2078 893 2130 quae
914 2059 1088 2111 diver-

232 2138 281 2171 sa
308 2132 481 2172 essent
506 2123 539 2173 εἰ
574 2123 615 2173 F
617 2133 835 2177 estorum
869 2130 1087 2195 ipsorum

233 2184 409 2238 Officio
422 2225 440 2251 ,
464 2190 791 2259 anticipanda
811 2200 961 2242 erunt
978 2191 1091 2245 ubi-

232 2269 445 2323 cumque
483 2254 689 2305 Festum
729 2258 962 2308 Annuale
1009 2257 1090 2310 vel

234 2318 467 2370 Solemne
476 2324 601 2389 ipsis
615 2320 793 2373 diebus
809 2339 1087 2385 occurrens,

236 2384 265 2433 a
289 2384 431 2437 clero
462 2386 549 2438 vel
580 2385 610 2435 a
704 2389 824 2456 pulo
852 2389 1087 2440 celebrari

238 2450 354 2500 solet
366 2473 380 2514 3
412 2467 523 2502 non
555 2404 907 2533 vergopropter
944 2455 1089 2505 Festa

293 2519 435 2568 ivatae
479 2516 763 2570 devotionis
785 2550 804 2582 ‚-
839 2528 929 2571 aut
970 2520 1091 2570 fun-

236 2532 449 2633 goonis
486 2584 816 2652 quarumdam
853 2584 1092 2636 sodalita-

240 2656 361 2713 tum,
383 2666 501 2717 quae
524 2652 583 2698 in
593 2650 753 2701 alium
772 2651 906 2701 diem
929 2660 1092 2701 trans-

236 2712 433 2764 ferenda
464 2724 587 2764 sunt
601 2752 615 2778 ,
649 2732 743 2767 nec
770 2716 956 2767 debent
995 2734 1092 2785 pu-

236 2778 364 2830 blico
410 2788 467 2831 et
502 2781 718 2849 regulari
776 2782 956 2834 Officio
1012 2792 1093 2832 to-

240 2848 333 2894 tius
351 2844 627 2897 dioeceseos
653 2847 907 2899 anteferri.

301 2910 382 2961 50.
424 2912 507 2963 De
534 2910 627 2961 die
662 2913 848 2967 Octava
886 2912 1091 2965 secundi

241 2976 312 3027 vel
339 2981 487 3027 tertii
512 2976 721 3042 ordinis,
751 2997 864 3049 quae
886 2985 945 3030 n⁰
965 2996 1093 3048 pras-

240 3040 444 3093 cedente
466 3059 575 3093 non
599 3044 905 3113 designatur,
938 3050 984 3095 si
1002 3049 1093 3095 in·-

241 3107 369 3159 cidat
383 3113 445 3159 in
465 3109 785 3161 Dominicam
804 3110 1094 3180 privilegia-

240 3182 356 3237 tam,
389 3174 475 3227 vel
506 3179 566 3225 in
595 3176 797 3226 Festum
829 3179 1092 3244 superioris

242 3240 412 3308 ffadus
428 3276 444 3301 ,
480 3239 541 3289 fit
585 3240 687 3293 sola
722 3242 1093 3292 Commemora-

246 3312 325 3358 tio.
362 3308 423 3357 Si
466 3307 586 3358 vero
630 3318 855 3359 occurrat
885 3311 941 3357 in
979 3307 1091 3357 Do-

244 3376 477 3423 minicam
497 3390 812 3423 communem
828 3371 1093 3435 ,Officium

245 3436 300 3489 fit
328 3438 391 3490 de
427 3456 515 3503 ea,
554 3446 606 3489 et
638 3440 906 3489 Dominica
941 3438 1094 3489 habet

248 3506 439 3557 tantum
458 3505 1007 3558 commemorationem.

1163 417 1310 468 beata
1337 417 1498 468 Maria
1515 454 1529 479 ,
1553 428 1642 468 aut
1670 419 1778 469 dies
1801 418 2022 488 Octava)

1164 482 1370 552 quando
1405 488 1620 535 occurrit
1650 487 1706 534 in
1754 484 2022 537 Dominica

1163 565 1480 628 quacumque
1497 587 1510 610 ,
1530 550 1611 602 vel
1629 552 1686 598 in
1708 549 1854 600 Festo
1875 569 2023 622 supe-

1162 618 1309 665 noris
1357 614 1534 683 gradus
1555 652 1571 678 ‚
1627 615 1919 667 transfertur
1965 622 2020 668 in

1164 678 1299 730 diem
1312 683 1593 747 proximum
1605 697 1708 731 non
1723 692 2018 750 occupatum

1166 745 1312 796 Festo
1343 745 1673 814 Semiduplici
1691 754 1743 797 et
1753 748 1918 816 supra,
1939 749 2020 800 vel

1142 815 1315 861 etiam
1351 815 1408 862 in
1437 812 1574 862 diem
1607 815 1742 862 intra
1778 812 2018 866 Octavam

1162 881 1306 928 tertii
1323 876 1532 929 ordinis.

1230 943 1312 994 52.
1337 942 1662 1015 Semidupkx
1680 981 1696 1006 ‚
1728 952 1789 994 ut
1821 944 2016 998 dictum

1161 1017 1237 1058 est
1253 1046 1266 1071 ,
1305 1026 1360 1058 n.
1399 1010 1463 1059 25
1479 1045 1500 1071 ,
1545 1008 1811 1079 §nquam
1855 1019 2018 1063 trans-

1161 1073 1335 1136 fertur,
1359 1074 1444 1124 sed
1481 1087 1740 1124 occurrens
1781 1079 1838 1126 in
1868 1077 2016 1128 Festo

1160 1139 1390 1189 AnnuaJi
1419 1144 1846 1209 praetermittitur5
1880 1142 2016 1194 idem

1159 1203 1430 1255 dicendum
1503 1204 1564 1254 de
1631 1204 1806 1255 diebus
1878 1211 2011 1260 intra

1161 1269 1397 1321 Octavam
1425 1273 1563 1321 tertii
1592 1268 1814 1320 Ordinis·
1842 1271 1905 1321 In
1929 1275 2018 1325 So-

1158 1332 1740 1402 lemnibus-—maj0ribus
1769 1343 1820 1386 et
1853 1337 1982 1389 infra
1999 1378 2013 1402 ,

1158 1400 1223 1452 de
1254 1404 1318 1451 iis
1347 1401 1407 1451 fit
1437 1400 1866 1452 Commemoratio-

1227 1467 1309 1517 53.
1347 1467 1556 1528 Pariter,
1589 1483 1692 1516 non
1725 1467 2018 1522 transfertur

1160 1532 1364 1582 Festum
1387 1533 1633 1602 Simplex,
1654 1532 1740 1582 sed
1757 1550 2016 1588 occurrens

1158 1601 1214 1648 in
1232 1599 1458 1650 Annuali
1471 1607 1560 1648 aut
1578 1598 2016 1669 Solemni-majore

1191 1681 1352 1716 torsus
1367 1667 1619 1716 omittitur
1632 1686 1646 1727 ;
1679 1663 1832 1716 habet
1846 1675 2014 1718 autem

1194 1732 1684 1781 ommemorationem
1705 1732 1909 1800 quando
1931 1737 2016 1782 in-

1156 1794 1284 1846 cidit
1294 1800 1352 1846 in
1363 1797 1786 1848 Solemne-minus
1799 1806 1849 1847 et
1862 1797 2010 1848 infra.

1229 1861 1514 1912 Notandum
1528 1863 1646 1911 vero
1657 1861 1793 1942 quod
1811 1863 2014 1914 Festum

1158 1927 1484 1998 Semiduplex
1521 1934 1608 1976 aut
1661 1927 1916 1996 bimplex',
1972 1933 2014 1979 si

1155 1999 1354 2075 propter
1374 1995 1734 2045 occurrentiam
1765 1994 1895 2044 alius
1919 1993 2016 2045 Fe·-

1157 2064 1222 2113 sti
1245 2061 1494 2111 bolemnis
1522 2059 1603 2110 vel
1628 2059 1874 2109 Annualis
1909 2061 2013 2110 ali-

1157 2126 1276 2176 cubi
1289 2127 1529 2207 perpetuo
1545 2129 1886 2189 omitteretur3
1906 2125 2012 2194 ejus

1157 2191 1336 2243 Officio
1373 2190 1695 2259 assignandus
1726 2191 1853 2241 foret
1867 2228 1881 2253 ,
1915 2209 2013 2241 au-

1156 2261 1386 2308 ctoritate
1418 2257 1568 2306 Dom.
1594 2256 1779 2307 Archie
1817 2260 1972 2324 iscopi
1997 2294 2012 2317 ‚

1157 2324 1286 2373 alius
1303 2323 1429 2385 dies,
1448 2327 1505 2372 in
1556 2339 1620 2372 uo
1630 2321 1691 2372 de
1707 2338 1765 2371 eo
1806 2320 2012 2371 acienda

1158 2398 1285 2439 esset
1305 2388 1476 2439 saltem
1571 2390 1929 2437 mmemoratio.

1226 2453 1304 2503 De
1353 2456 1664 2503 occurrentia
1713 2452 2014 2520 Vigiliarum

1159 2518 1352 2569 dictum
1375 2522 1450 2567 est
1470 2516 1616 2583 supra
1635 2532 1689 2564 n.
1720 2532 1797 2578 ιι,
1826 2531 1905 2564 12.

1228 2584 1310 2649 54.
1350 2582 1396 2632 Α
1431 2582 1700 2631 Dominica
1731 2580 2012 2631 Palmarum

1159 2649 1224 2699 ad
1262 2650 1582 2699 Dominicam
1615 2649 1673 2695 in
1705 2646 1882 2709 Albis,
1917 2649 2014 2698 etin

1162 2714 1351 2783 vigilia
1392 2714 1700 2763 Pentecoste-⁴3
1739 2712 1802 2762 ad
1831 2712 2014 2764 Domi·-

1158 2786 1324 2833 nicam
1357 2779 1450 2829 SS.
1481 2778 1746 2828 Trinitatis
1768 2778 2015 2829 inclusive

1158 2864 1262 2897 non
1283 2846 1344 2896 fit
1362 2844 1422 2895 de
1440 2844 1546 2895 ullo
1565 2844 1708 2894 Festo
1729 2842 2015 2912 cujuscum-

1159 2930 1260 2982 que
1269 2915 1335 2961 sit
1348 2914 1474 2960 ritus
1488 2932 1502 2972 3
1527 2908 1612 2959 sed
1623 2910 1707 2959 Du
1741 2910 1857 2959 licia
1870 2918 1920 2959 et
1929 2926 2011 2959 su·

1159 2975 1248 3047 pra
1267 2976 1662 3027 transferuntur:
1719 2993 1746 3023 e
1777 2974 2014 3025 Semiduv-

1159 3042 1376 3111 plicibus
1393 3048 1446 3091 et
1463 3040 1788 3108 Simplicibus
1799 3040 1857 3090 fit
1874 3040 2018 3089 Com-

1162 3110 1450 3159 memoratio
1485 3109 1645 3174 primo
1681 3105 1847 3156 triduo
1893 3106 2018 3158 Ma-

1153 3172 1278 3243 joris
1300 3170 1651 3233 Hebdomadae,
1674 3172 1941 3221 Dominica
1959 3174 2017 3221 in

1162 3239 1326 3300 Albis,
1349 3248 1397 3287 et
1421 3237 1603 3287 ultimo
1625 3236 1789 3286 triduo
1811 3236 2016 3287 Octavae

1164 3306 1476 3356 Pentecostes
1499 3321 1509 3351 :
1531 3305 1588 3353 in
1609 3301 1722 3351 aliis
1753 3301 1932 3351 diebus
1954 3317 2016 3353 ex

1161 3368 1485 3438 supradictis,
1517 3366 1657 3417 nulla
1690 3366 1750 3417 fit
1787 3366 2017 3417 Comme·-

1164 3438 1394 3486 moratio.
1797 3448 1803 3453 ·

1231 3502 1311 3553 55.
1351 3500 1414 3550 Si
1432 3497 1634 3549 Festum
1660 3496 1715 3547 S.
1749 3494 1910 3547 Marci
1929 3496 2014 3547 in·-
