2392 4050
611 198 760 235 mm
787 198 970 235 rnna
998 197 1061 234 ΔΙ)
1082 195 1488 236 contueamur.

235 279 474 334 clamavi
497 280 570 334 ad
594 287 646 333 te
665 320 682 343 ,
706 281 946 334 Domine
960 302 975 331 ι
997 281 1024 307 “

165 353 292 407 dixi=
317 355 404 405 Tu
429 369 490 406 es
515 368 636 423 spes
661 370 810 416 mea,
839 355 1022 426 portio

163 443 278 480 mea
299 426 360 478 in
383 435 532 480 terra
555 427 869 480 viventium.

229 499 456 553 Intende
479 500 556 554 ad
583 499 1020 570 deprecationem

167 587 332 625 mmm
347 596 361 632 ς
379 574 408 600 “
423 574 556 642 quia
569 571 886 627 humiliatus
903 589 1020 626 sum

169 661 332 698 nmis.

233 718 422 773 Libera
457 735 552 772 me
585 720 618 772 a
651 721 1020 790 persequenti-

171 789 262 844 bus
297 807 388 846 me
415 815 434 851 ;
476 792 502 820 ³*
555 792 684 860 quia
731 793 1024 848 confortati

171 871 280 918 sunt
293 880 464 937 super
481 880 590 918 me.

233 939 382 994 Educ
407 938 484 992 de
505 938 752 992 custodia
779 940 1018 993 animam

170 1026 332 1064 meam
349 1051 366 1071 ‚
399 1011 476 1066 ad
507 1010 886 1065 confitendum
920 1015 1020 1066 no-

169 1084 298 1138 mini
355 1092 454 1137 tuo
480 1106 494 1135 =
529 1084 559 1112 ⁴*
599 1101 692 1138 me
741 1094 1022 1156 expectant

165 1158 288 1225 justi
301 1195 316 1218 ‚
341 1158 525 1212 donec
539 1157 808 1211 retribuas
821 1159 974 1214 mihi.

170 1250 300 1276 “0000
307 1251 402 1276 000·-
410 1250 456 1276 δῦ
463 1251 508 1276 0⁸
515 1251 560 1276 00
571 1251 666 1276 §⁴00
675 1251 766 1276 0⁸4⁴·
773 1253 818 1278 δῦ
825 1251 868 1278 u
876 1253 966 1280 un

229 1305 326 1358 AD
359 1305 943 1358 COMPLETOBIUM.

413 1379 652 1430 Psanws
676 1394 758 1430 ια.

254 1466 488 1510 semoto
510 1491 525 1513 ‚
567 1451 808 1504 Domine
824 1490 839 1513 ,
878 1449 1018 1506 obli·

165 1523 366 1577 visceris
407 1539 504 1578 me
545 1523 604 1576 in
641 1523 848 1578 finem?
867 1525 890 1552 ⁴*
929 1526 1016 1580 fis-

163 1612 370 1666 quequo
409 1596 607 1650 avertis
639 1596 836 1651 faciem
870 1605 1018 1652 tuam

161 1672 188 1724 a
209 1671 332 1723 me?

227 1742 509 1809 Quamdiu
549 1759 756 1816 ponam
795 1745 1018 1800 consilia

161 1814 212 1868 in
239 1818 422 1871 anima
453 1833 605 1880 mea,
627 1817 655 1846 ¹*
678 1819 922 1872 dolorem
955 1819 1015 1874 in

161 1890 318 1944 corde
342 1906 472 1944 meo
494 1907 596 1962 per
617 1891 799 1945 diem?

223 1964 522 2035 Usquequo
561 1963 878 2018 exaltabitur
911 1964 1014 2020 ini-

159 2036 326 2091 micas
353 2052 514 2090 meus
549 2053 712 2109 super
735 2040 856 2092 me?
883 2038 908 2067 ¹*
937 2042 1014 2093 re-

159 2112 327 2181 spice,
351 2119 405 2165 et
425 2112 754 2175 exaudime,
779 2112 1014 2166 Domine

161 2186 300 2238 Deus
321 2198 498 2237 meus,

223 2258 486 2312 Illomina
521 2257 710 2311 oculos
739 2274 916 2321 meos,
942 2275 1012 2312 ne

160 2345 398 2400 unquam
418 2329 768 2386 obdormiam
787 2332 846 2385 in
865 2347 1012 2385 mor-

159 2405 287 2464 tez*
314 2404 616 2473 nequando
649 2405 797 2459 dicat
829 2404 1012 2457 inimi-

157 2491 422 2531 cnsmens
437 2499 454 2530 z
476 2478 742 2532 Praevalni
764 2478 1012 2532 adversus

159 2566 294 2603 enm.

227 2622 339 2688 Qui
361 2621 632 2677 tribulant
661 2638 780 2686 me,
807 2625 1012 2679 exulta-

157 2694 292 2749 bunt
327 2696 372 2749 si
408 2703 596 2750 motus
639 2697 873 2759 ffierm*
908 2714 1010 2767 ego

159 2774 328 2823 autem
381 2769 448 2823 in
501 2769 874 2825 misericordia
917 2777 1012 2825 tua

157 2842 376 2913 speravi.

225 2913 507 2970 Exultabit
529 2930 627 2969 cor
649 2930 831 2971 meum
854 2916 912 2970 in
936 2932 1012 2970 sa-

158 2986 314 3041 lutati
332 2994 432 3043 tuo
450 3010 465 3040 ι
481 2988 508 3016 ¹*
523 2988 752 3043 cantabo
771 2990 1012 3045 Domino

157 3060 618 3129 quibonatribuit
629 3062 795 3125 mihi,
813 3063 1012 3133 etpsal·

157 3132 262 3187 lam
275 3134 498 3189 nomini
509 3136 735 3190 Domini
750 3136 1004 3190 altissimi.

404 3210 640 3261 Psafflus
662 3210 749 3262 51.

159 3240 348 3333 Bam
368 3294 608 3349 qnorum
635 3282 866 3336 remissae
890 3289 1018 3335 sunt

157 3351 468 3421 iniquitates
479 3394 496 3417 ‚
513 3354 542 3381 ¹*
554 3361 608 3408 et
625 3370 856 3425 quorum
875 3361 1016 3411 tecta

157 3434 280 3479 sunt
301 3428 547 3497 peccata.

225 3500 426 3553 Beatus
440 3501 526 3554 vir
543 3498 634 3554 cui
657 3516 770 3555 non
787 3499 1016 3573 imputa-

1882 188 1943 239 51

1091 281 1167 334 vit
1186 280 1457 335 Dominus
1468 283 1751 351 peccatum
1766 323 1780 346 ‚
1800 285 1826 312 ¹*
1844 301 1949 340 nec

1095 355 1249 408 estin
1266 353 1453 424 spiritu
1470 355 1589 424 ejus
1608 355 1781 410 dolus.

1168 427 1443 491 Quoniam
1478 430 1649 491 tacui,
1686 430 1947 485 invetera-

1093 502 1287 554 verunt
1308 515 1425 554 ossa
1446 517 1601 563 mea;
1627 503 1653 530 ⁴*
1678 503 1809 558 dum
1839 504 1947 558 cla-

1091 574 1299 627 marem
1328 579 1441 626 tota
1464 575 1569 630 die.

1168 647 1442 711 Quoniam
1462 647 1554 702 die
1572 664 1635 702 ac
1658 657 1821 704 nocte
1836 665 1949 720 gra·

1091 721 1209 774 vata
1223 728 1469 792 estsuper
1486 738 1572 776 me
1585 737 1780 776 manus
1796 731 1889 778 tua
1902 727 1945 776 ε’

1093 809 1381 848 conversus
1428 811 1547 848 sum
1598 795 1657 848 in
1710 812 1946 852 aerumna

1091 882 1213 920 mea
1228 907 1242 929 ‚
1267 865 1399 920 dum
1422 867 1716 938 configitur
1732 870 1901 940 spina.

1161 940 1436 995 Delictum
1452 957 1639 994 meum
1664 943 1943 1012 cognitum

1090 1010 1186 1067 tibi
1257 1013 1393 1074 sech
1426 1013 1454 1042 ¹*
1512 1021 1565 1068 et
1625 1015 1943 1084 injustitiam

1088 1101 1265 1139 meam
1286 1103 1400 1140 non
1422 1085 1695 1142 abscondi.

1161 1159 1285 1213 Dixi
1319 1181 1334 1211 z
1390 1160 1701 1215 confitebor
1760 1162 1941 1216 adver-

973 1254 1017 1280 u
1087 1233 1208 1284 siim
1258 1248 1346 1286 me
1396 1232 1719 1301 injustitiam
1766 1251 1945 1288 meam

1088 1303 1357 1364 Dominoz
1380 1304 1407 1333 ³*
1432 1313 1485 1360 et
1507 1314 1567 1359 tu
1584 1306 1830 1360 remisisti
1848 1309 1941 1360 im-

1087 1378 1343 1448 pietatem
1367 1379 1573 1449 peccati
1599 1379 1727 1432 mei.

1159 1453 1269 1504 Pro
1304 1449 1408 1504 hac
1432 1449 1610 1504 orabit
1642 1451 1707 1506 ad
1737 1457 1791 1505 te
1824 1469 1941 1506 om·

1086 1524 1171 1577 nis
1210 1525 1460 1580 sanctus*
1485 1525 1545 1580 in
1570 1528 1813 1599 tempore
1842 1541 1941 1597 op-

1086 1599 1337 1669 poi-tono.

1158 1672 1538 1726 Verumtamen
1612 1673 1671 1727 in
1738 1674 1941 1728 dilnvio

1087 1747 1347 1812 aquarum
1370 1747 1661 1799 multarum
1676 1747 1803 1808 ‚¹*ad
1814 1764 1939 1802 eum

1085 1834 1198 1872 non
1224 1817 1689 1890 approximabunt.

1157 1893 1243 1944 Tu
1280 1907 1337 1945 es
1377 1891 1646 1962 refugium
1687 1907 1871 1946 meum
1912 1895 1941 1946 a

1086 1963 1433 2017 tribulatione
1476 1981 1597 2035 quae
1636 1965 1939 2020 circuimde·

1084 2038 1164 2093 dit
1179 2054 1299 2091 me=
1318 2038 1343 2066 ¹*
1358 2039 1610 2092 exultatio
1634 2055 1755 2093 mea
1769 2080 1783 2102 ‚
1806 2042 1937 2094 erue

1083 2128 1170 2165 me
1189 2114 1218 2165 a
1242 2110 1701 2167 circumdantibus
1718 2129 1822 2167 me.

1155 2186 1491 2240 Intellectum
1532 2184 1634 2240 tibi
1666 2185 1808 2241 dabo
1828 2226 1842 2249 ‚
1882 2194 1937 2240 et

1067 2255 1341 2311 'instruam
1384 2265 1439 2312 te
1475 2260 1533 2314 in
1570 2259 1655 2311 via
1692 2259 1795 2313 hac
1907 2265 1937 2312 a

1081 2332 1369 2400 gradierisz
1392 2332 1419 2359 ⁴*
1443 2330 1673 2386 firmabo
1698 2348 1830 2406 supe
1884 2339 1937 2385 te

1081 2405 1269 2458 oculos
1289 2420 1460 2458 meos„

1152 2476 1329 2531 Nolite
1354 2476 1648 2529 fierisicut
1681 2490 1852 2545 equus
1884 2485 1938 2529 et

1081 2552 1293 2610 malua,
1323 2549 1350 2577 ⁴*
1372 2546 1571 2618 quibus
1593 2563 1708 2601 non
1743 2556 1821 2601 est
1852 2550 1935 2601 in-

1081 2624 1340 2679 tellectuS.

1153 2698 1218 2750 In
1242 2708 1399 2750 camo
1425 2700 1480 2748 et
1504 2694 1677 2747 fraeno
1694 2694 1936 2749 maxillas

1081 2772 1272 2825 eorum
1298 2768 1633 2837 constringe,
1649 2769 1676 2797 ⁴*
1700 2769 1795 2839 qui
1818 2786 1933 2823 non

1082 2843 1457 2915 approximant
1475 2843 1541 2896 ad
1560 2850 1629 2896 te.

1151 2916 1321 2969 Multa
1338 2915 1545 2984 flagella
1561 2916 1858 3001 peccatoris
1875 2938 1888 2974 ς
1910 2916 1937 2943 ¹*

1081 2995 1384 3061 sperantem
1411 2995 1590 3041 autem
1618 3006 1677 3042 m
1694 2988 1934 3042 Domino
2026 3048 2033 3055 ,

1082 3062 1451 3116 misericordia
1474 3059 1847 3116 circumdabit.

1153 3134 1437 3190 Laetamini
1470 3134 1530 3187 in
1566 3135 1838 3198 Domino,
1884 3141 1938 3187 et

1085 3210 1342 3269 exultate,
1384 3207 1548 3276 justi·,
1576 3206 1603 3234 ⁴*
1638 3213 1691 3259 et
1740 3208 1934 3277 gloria-

1082 3282 1251 3345 mini,
1276 3296 1467 3334 omnes
1490 3279 1622 3333 recti
1645 3282 1826 3336 corde.

1332 3356 1561 3408 Psamns
1589 3353 1675 3421 78.

1085 3388 1281 3489 Dans),
1298 3428 1564 3479 venerunt
1573 3431 1759 3493 gentes
1768 3424 1825 3475 in
1836 3423 1938 3473 hae-

1084 3500 1368 3557 reditatem
1402 3506 1591 3557 tuama
1630 3496 1942 3565 polluerunt
