2392 4050
677 288 686 294 -
705 231 871 272 sentus
893 235 1187 278 nwtonmt
1213 241 1468 280 CARORUU.

224 310 389 358 tionis:
416 311 497 360 die
529 323 695 362 sancto
738 320 1066 379 Pentecostes,

223 382 263 418 et
276 387 359 430 per
374 383 516 420 totam
536 377 911 428 Hebdomadam.

275 435 349 481 21.
381 436 455 482 De
474 437 619 484 Festo
654 437 744 486 SS.
780 441 1033 491 Trinitatis
1053 479 1066 500 ,

220 503 261 542 et
290 496 451 559 pueris
480 498 535 545 in
568 501 675 560 ejus
713 511 763 550 et
798 511 1068 553 ceterorum

219 559 539 620 mysteriorum
582 561 681 611 fide
724 565 1065 615 instituendis:

220 625 272 667 ab
292 627 385 680 ipso
414 621 495 671 die
535 629 628 671 SS.
681 630 956 688 TrinitatiS,
1004 634 1067 678 ad

218 688 385 791 feriat?
421 694 643 741 quartam
692 701 965 751 sequentem
991 695 1067 740 in-

220 749 351 792 clusit»

265 807 341 853 22.
377 809 451 854 De
482 809 803 860 Solemnitate
835 814 1065 878 Corporis

217 868 378 916 Christi
399 906 417 928 ,
451 880 501 920 et
528 870 681 921 tatriae
702 874 837 924 cultu
872 877 1065 927 interno

217 939 255 976 et
275 943 475 980 externo
502 935 550 982 ei
584 935 779 985 debito:
814 942 890 988 dt'e
918 945 1065 990 Festo

218 996 421 1056 Corporis
442 997 617 1046 Christi
639 1007 686 1046 et
703 1015 788 1060 per
815 1005 1059 1052 Octavam.

262 1058 337 1106 23.
372 1059 449 1106 De
498 1059 829 1110 Sacramentie
885 1065 1063 1114 viatici

212 1127 252 1164 et
282 1121 829 1181 Extremae-Unctionis,
866 1133 917 1174 et
946 1127 1063 1176 reli-

211 1197 295 1242 quo
316 1183 614 1232 sacci-dotali
645 1185 915 1235 ministerio
949 1205 1061 1253 erga

210 1242 411 1293 infirmos
428 1269 441 1294 ι
469 1254 500 1295 ἀ
522 1251 674 1295 Feria
698 1251 769 1296 VI
782 1259 887 1309 post
916 1256 1063 1300 Octa-

209 1319 301 1353 vam
323 1311 553 1370 Corporis
588 1311 781 1368 Christi,
808 1315 871 1360 ad
892 1318 1061 1364 Domi-

210 1371 359 1417 nicam.
371 1381 600 1430 quartam
616 1381 720 1431 post
730 1377 1060 1426 Pentecosten.

258 1430 333 1478 2⁴.
367 1435 445 1482 De
468 1435 786 1482 Sam-amento
814 1437 1058 1486 Matrimo-

210 1492 293 1540 nii:
330 1501 361 1542 ἀ
399 1501 659 1545 Dominica
695 1501 773 1544 IV
800 1509 902 1558 post
930 1505 1061 1550 Pen-

208 1564 418 1618 tecosten,
442 1563 507 1607 ad
536 1563 833 1608 Dominicam
848 1572 1057 1611 sextam.

257 1618 332 1666 25.
370 1621 447 1669 De
480 1621 820 1670 nominatione
840 1632 890 1670 et
917 1624 1058 1672 insti-

205 1679 379 1729 tutione
428 1682 673 1730 canonica
716 1683 778 1732 ad
816 1684 1057 1735 beneficia

205 1750 246 1788 et
277 1743 549 1806 dignitates
600 1744 992 1797 ecclesiasticas:
1029 1758 1059 1798 d

204 1808 453 1856 Dominica
480 1813 557 1855 VI
580 1817 685 1868 post
711 1812 1056 1872 Pentecosten,

206 1871 261 1913 ad
277 1873 589 1918 Dominicanz
613 1874 881 1930 septimam.

259 1929 333 1978 26.
370 1934 447 1980 De
490 1931 801 1982 praelatorum
834 1933 1055 1982 residen-

204 1993 289 2049 tia,
324 2003 375 2044 et
416 1994 654 2059 pastorali
686 1995 1051 2049 sollicitudine:

203 2062 229 2103 ἀ
264 2062 515 2107 Domintca
556 2063 641 2106 VII
673 2068 777 2119 post
818 2064 1056 2110 Penteco-

204 2128 309 2175 sten,
331 2123 398 2167 ad
414 2123 721 2169 ltominicam
742 2130 978 2171 octavam.

255 2180 331 2228 27.
368 2182 447 2229 De
457 2182 751 2229 Visitatione
768 2184 1053 2248 episcopali:

202 2248 229 2288 a
256 2248 507 2292 Dominica
543 2248 659 2292 VIII
681 2256 785 2305 post
820 2250 1057 2297 Penteco-

200 2316 310 2361 sten,
333 2309 399 2353 ad
424 2312 725 2355 Dominicam
757 2322 949 2357 nonam.

260 2368 335 2414 28.
352 2369 429 2415 De
462 2368 709 2417 Conciliis
728 2405 741 2426 ,
758 2378 807 2417 et
824 2368 887 2418 de
906 2372 1058 2435 Syno-

208 2428 277 2473 dis
308 2429 636 2479 dioecesanis:
665 2439 694 2479 a
720 2432 970 2481 Dominica
989 2440 1063 2483 IX

204 2500 301 2546 post
318 2496 655 2553 Pentecosten,
680 2495 743 2541 ad
761 2499 1056 2547 Dominz‘cam

203 2555 447 2603 decimam.

253 2616 333 2663 29.
369 2618 446 2663 De
489 2616 782 2667 Pontificum
820 2619 915 2667 vita
958 2621 1052 2668 do-

201 2678 393 2726 mestica
421 2714 431 2735 ,
459 2687 511 2726 et
528 2679 589 2726 de
614 2680 732 2729 viris
754 2680 1055 2730 ecclesiasti-

200 2738 266 2787 cis
300 2755 515 2803 quorum
570 2742 716 2814 operti
759 2750 961 2791 utuntur
1003 2744 1051 2790 in

202 2800 480 2850 dioeceseon
505 2805 772 2865 regimine:
800 2806 1053 2853 Domint'ca

199 2872 241 2908 et
270 2866 591 2913 Hebdomada
610 2870 662 2915 X
684 2877 791 2927 post
817 2874 1053 2919 Penteco—

197 2936 314 2971 uen-

256 2988 337 3035 30.
372 2989 449 3035 De
511 2989 728 3038 moribus
782 3000 833 3041 et
880 2992 1059 3041 officiis

198 3050 557 3101 Canonicorum
575 3068 588 3097 :
607 3057 853 3102 Domintca
870 3063 915 3103 et
928 3058 1058 3103 Heb-

198 3112 404 3159 domada
420 3116 495 3160 X!
512 3123 615 3171 post
632 3120 962 3165 Pentecosten.

259 3174 337 3219 231.
374 3176 451 3221 De
486 3174 651 3224 Officii
679 3176 834 3225 divini
858 3177 1056 3243 publica

200 3233 555 3296 celebratione,
586 3247 635 3286 et
668 3239 851 3301 privata
882 3241 1059 3289 recita-

201 3296 326 3344 tione
359 3320 371 3345 :
418 3306 448 3347 d
506 3305 757 3351 Domintca
812 3306 908 3351 XII
956 3312 1058 3363 post

202 3362 545 3423 Pentecosten,
570 3366 634 3411 ad
671 3378 816 3421 usque
844 3370 1059 3413 Domine·-

204 3434 303 3468 eam
326 3424 437 3469 XV.

263 3483 341 3537 32.
378 3484 449 3533 De
476 3485 717 3541 Precibus
740 3503 830 3551 pro
860 3488 1058 3541 Defun-

206 3544 309 3605 ctis;
326 3545 388 3595 de
408 3548 649 3614 Exequiis
668 3557 717 3598 et
734 3551 1052 3601 Coemeteriis:

1927 247 1998 302 07

1140 327 1390 372 Dominica
1442 335 1488 374 et
1537 328 1850 377 Hebdomada
1905 334 2006 378 ΧΓ

1134 394 1241 445 post
1263 389 1602 437 Pentecosten.

1201 449 1278 496 33.
1316 450 1388 496 De
1425 449 1693 500 ambitione
1724 450 1752 500 'a
1790 452 1997 504 Clericie

1140 509 1371 572 fugienda
1394 527 1408 558 t
1433 517 1684 562 Dominica
1717 525 1764 563 et
1799 517 1995 566 Hebdo-

1138 576 1284 620 mada
1301 577 1424 622 XVI
1439 585 1542 634 post
1565 580 1898 627 Pentecosten.

1202 635 1282 683 34.
1317 635 1389 682 De
1422 637 1643 697 Scholis,
1673 639 1958 690 Seminariio
1978 677 1990 698 ,

1138 703 1186 744 et
1209 696 1569 748 Collationibus
1606 701 1953 752 ecclesiasticis
1967 727 1990 752 ,ε

1137 762 1393 808 Dominica
1423 771 1470 810 et
1501 764 1814 813 Hebdomada
1856 771 2000 816 XVI!

1136 831 1242 882 post
1268 827 1599 873 Pentecosten.

1198 884 1278 932 35.
1314 887 1385 934 De
1420 886 1484 935 iis
1531 888 1618 951 qui
1659 889 1992 952 paenitentiam

1136 946 1319 994 tantiim
1339 947 1392 994 in
1429 949 1661 998 extremis
1693 950 1802 998 vitae
1825 961 1995 1016 postu—

1136 1007 1268 1056 lant:
1333 1014 1582 1060 Dominica
1621 1022 1667 1060 et
1715 1017 1994 1066 Hebdoma-

1134 1073 1198 1119 da
1221 1074 1388 1120 XVIII
1397 1084 1499 1134 post
1519 1079 1855 1124 Pentecosten.

1197 1135 1276 1182 36.
1313 1135 1386 1182 De
1442 1137 1990 1189 Excommunicatione:

1133 1197 1384 1244 Dominica
1420 1207 1466 1244 et
1521 1201 1833 1248 Hebdomada
1882 1205 2000 1250 XIX

1131 1266 1236 1316 post
1251 1261 1586 1307 Pentecosten.

1197 1319 1278 1366 37.
1311 1318 1852 1370 DeEeclesiasticorum
1877 1340 1997 1372 con-

1133 1381 1405 1430 versatione
1429 1398 1538 1446 cuni
1559 1381 1698 1433 laicis
1733 1392 1782 1432 et
1814 1385 1993 1434 mulie-

1134 1441 1272 1490 ribus
1294 1466 1306 1490 :
1341 1447 1590 1493 Dominica
1628 1455 1674 1494 et
1718 1450 1994 1498 Hebdoma-

1133 1509 1197 1554 da
1219 1508 1316 1552 XX
1329 1517 1432 1565 post
1455 1511 1788 1558 Pentecosten.

1194 1570 1274 1616 38.
1310 1571 1381 1617 De
1401 1569 1632 1632 fugienda
1657 1569 1686 1620 ὲ
1710 1571 1856 1622 Clero
1877 1589 1995 1622 ava·
2015 1600 2035 1610 -

1131 1628 1274 1678 ritia:
1334 1634 1584 1681 Dominica
1625 1643 1671 1681 et
1722 1639 1994 1685 Hebdoma-

1131 1695 1195 1739 da
1215 1695 1330 1740 XXI
1339 1703 1442 1754 post
1464 1698 1797 1747 Pentecosten.

1192 1755 1272 1802 39.
1314 1756 1388 1803 De
1447 1757 1686 1806 Potestate
1750 1759 1885 1809 eiviii
1942 1768 1992 1807 et

1130 1814 1462 1866 ecclesiastica
1481 1853 1493 1876 ,
1523 1829 1571 1867 et
1602 1819 1842 1885 obsequio
1871 1823 1991 1884 ipsis

1130 1877 1331 1927 debito:
1375 1883 1628 1929 Dominica
1649 1892 1694 1930 et
1721 1887 1989 1932 Hebdoma-

1129 1943 1193 1988 da
1210 1944 1350 1988 XXII
1361 1951 1466 2001 post
1482 1946 1815 1994 Pentecosten.

1190 2002 1271 2053 40.
1305 2005 1378 2051 De
1397 2003 1677 2065 Miraculis3
1705 2009 1766 2057 de
1783 2008 1989 2057 Sancto-

1128 2081 1237 2113 rum
1277 2065 1522 2131 Reliquiis
1567 2077 1617 2117 et
1651 2071 1985 2135 linaginibust

1134 2132 1378 2177 Dominica
1419 2139 1464 2178 et
1488 2132 1800 2182 Hebdomada
1831 2136 1996 2181 XXIII

1125 2200 1230 2249 post
1245 2195 1580 2241 Pentecosten.

1190 2252 1271 2299 41.
1305 2254 1380 2301 De
1411 2255 1696 2307 Haereticis:
1733 2261 1985 2305 Dominicz

1127 2322 1173 2362 et
1190 2316 1502 2365 Hebdomada
1533 2321 1702 2366 XXIV
1715 2328 1818 2381 post
1851 2320 1986 2368 Pen-

1127 2385 1354 2425 tecosten.

1190 2439 1271 2485 42.
1306 2440 1379 2486 De
1421 2440 1686 2487 reverentia
1746 2441 1986 2491 Ecclesii·

1128 2498 1335 2562 aliisque
1351 2498 1473 2548 locis
1491 2502 1643 2548 sacris
1667 2501 1829 2549 debita
1852 2521 1864 2551 ε
1888 2509 1990 2552 Do·-

1128 2563 1306 2608 me'm‘ca
1329 2570 1374 2608 et
1393 2565 1705 2610 Hebdomada
1725 2566 1870 2611 XXV
1886 2577 1990 2625 post

1130 2628 1469 2672 Pentecosten.

1190 2686 1271 2733 43.
1287 2686 1360 2733 De
1376 2686 1762 2740 sanctificatione
1781 2687 1880 2737 diei
1894 2690 1990 2737 Do-

1129 2746 1350 2806 minicae,
1387 2748 1690 2812 aliarumque
1733 2751 1988 2799 Festivita-

1128 2816 1246 2857 tum:
1261 2816 1290 2857 d
1303 2815 1552 2860 Dominica
1564 2815 1733 2860 XXVI
1739 2824 1842 2873 post
1857 2820 1988 2862 Pen-

1128 2881 1354 2929 tecosten,
1377 2878 1440 2922 ad
1451 2880 1744 2923 Domint'cam
1763 2881 1984 2926 XXVIII.

1192 2935 1273 2981 44.
1310 2936 1383 2981 De
1424 2935 1660 2999 operibuq
1685 2937 1899 2986 caritatis
1941 2948 1988 2987 et

1128 2995 1474 3045 misericordiae
1519 3014 1631 3061 erga
1665 2999 1941 3047 Proximum
1971 3038 1984 3059 ,

1128 3064 1176 3103 et
1211 3058 1380 3106 domos
1418 3058 1682 3123 hospitales
1721 3077 1986 3125 pauperum

1128 3126 1177 3165 et
1194 3119 1769 3173 infirmoruszomim'ca
1781 3128 1878 3173 XX
1879 3131 1926 3172 V
1922 3132 1994 3175 III

1126 3190 1232 3239 post
1255 3186 1400 3230 Pente
1411 3193 1588 3231 costen.

1192 3242 1227 3306 Ἰ
1241 3248 1296 3291 In
1319 3246 1412 3291 hac
1427 3252 1552 3294 serie
1569 3261 1659 3294 non
1677 3254 1986 3309 comprehen-

1126 3306 1303 3353 duntur
1363 3310 1514 3360 Festa
1555 3318 1601 3356 et
1653 3315 1986 3363 Solemnae'tates

1126 3382 1236 3425 quoe
1271 3372 1487 3426 proprios
1526 3370 1699 3423 habent
1742 3374 1984 3430 Canones,

1126 3435 1309 3478 ratione
1331 3436 1586 3489 peculiaris
1607 3438 1724 3481 ritas
1742 3466 1755 3491 ‚
1781 3443 1861 3480 ant
1894 3438 1986 3481 dis-

1128 3496 1334 3551 cipttnae,
1348 3496 1594 3550 praedtctts
1607 3500 1987 3551 Solemnitate'bto

1128 3560 1446 3617 conyruentis.
1467 3552 1486 3620 ]
