2392 4050
471 210 572 272 24¹2

471 304 680 371 cimus?
705 299 835 372 quia
852 300 944 357 hic
967 301 1138 355 homo
1157 304 1331 356 multa

473 380 625 447 signa
652 376 795 430 facit.
826 378 893 430 Et
916 375 1145 443 reliqua.

471 450 706 505 Romilia
717 449 887 503 sancti
902 448 1192 518 Augustini
1207 447 1331 520 Epi·

523 524 690 595 scopi.
727 525 792 577 In
809 524 966 576 Joan.
999 532 1147 575 tract.
1179 524 1269 592 49.

844 616 894 649 n.
922 596 1010 649 26.

473 632 773 724 Dmemuvr
817 692 830 721 ι
877 668 1025 733 Quid
1065 666 1330 720 facimus?

475 759 578 797 nec
603 752 786 796 tamen
811 739 1102 796 dicebant.
1133 740 1329 794 Creda-

375 846 378 851 ·
473 833 611 871 mus,
648 817 776 869 Plus
813 816 961 869 enim
993 813 1191 886 perditi
1230 812 1328 866 ho-

475 890 651 943 mines
692 888 1006 957 cogitabant
1054 887 1332 957 quomodo

474 965 737 1017 nocerent
755 968 814 1015 ut
833 960 1142 1033 perderent,
1169 962 1331 1029 quam

477 1036 756 1106 quomodo
771 1035 874 1089 sihi
893 1033 1243 1088 consulerent
1261 1049 1333 1087 ne

476 1108 732 1179 perirent.
753 1111 821 1163 Et
838 1116 1022 1162 tamen
1043 1105 1327 1168 timebant,

477 1191 530 1236 et
563 1183 714 1252 quasi
753 1180 1130 1235 consulebant.
1168 1180 1327 1233 Dice-

476 1256 612 1309 bant
651 1255 798 1309 enim
838 1296 851 1307 .
885 1255 1033 1318 Quid
1069 1253 1333 1307 ficimus?

478 1330 608 1399 quia
642 1328 735 1382 hic
771 1328 940 1381 homo
979 1328 1149 1381 multa
1185 1326 1335 1396 signa

477 1403 625 1457 facit.
654 1403 711 1456 Si
736 1400 1058 1456 dimittimus
1075 1416 1203 1453 eum
1228 1400 1331 1461 sic,

479 1491 670 1529 omnes
715 1474 936 1528 credent
979 1474 1037 1526 in
1075 1489 1237 1537 eum3
1282 1478 1334 1525 et

478 1547 696 1603 venient
730 1547 993 1605 Romani,
1042 1551 1098 1599 et
1143 1546 1338 1599 tollent

481 1627 730 1675 nostrum
768 1620 949 1673 locum
997 1625 1051 1671 et
1091 1626 1327 1689 gentem.

482 1693 824 1766 Temporalia
867 1690 1092 1765 perdere
1138 1693 1335 1746 timue-

481 1774 612 1820 runt
633 1808 646 1829 ‚
671 1774 726 1820 et
751 1766 913 1820 vitam
935 1773 1192 1819 aeternam
1220 1782 1337 1819 non

483 1840 882 1911 cogitaverunt3
921 1855 983 1893 ac
1015 1839 1092 1893 sic
1123 1846 1333 1892 utrum-

484 1931 588 1985 que
605 1914 914 1968 amisbrunt.
933 1915 1067 1967 Nam
1083 1920 1136 1965 et
1147 1914 1337 1967 Roma-

485 1989 570 2053 ni,
615 1995 737 2059 post
768 1986 998 2043 Domini
1032 1986 1336 2059 passionem

482 2071 538 2114 et
575 2059 1026 2130 glorificationem
1049 2101 1064 2124 ‚
1099 2062 1339 2117 tulerunt

482 2135 560 2188 eis
589 2142 643 2187 et
676 2134 858 2186 locum
884 2141 936 2186 et
971 2140 1187 2202 gentem
1205 2175 1219 2197 ,
1249 2150 1335 2187 ex-

483 2207 780 2278 pugnando
829 2214 882 2260 et
929 2206 1336 2270 transferendo;

486 2289 539 2335 et
587 2280 723 2333 illud
767 2295 859 2333 eos
903 2280 1148 2350 sequitur
1189 2279 1338 2349 quod

485 2352 619 2408 alibi
642 2353 850 2410 dictum
871 2360 948 2408 est
971 2377 984 2406 ι
1013 2352 1135 2407 Filii
1156 2361 1336 2407 autem

484 2427 640 2498 regni
658 2427 753 2498 huj
761 2444 823 2480 us
837 2425 996 2482 ibunt
1012 2427 1070 2480 in
1089 2425 1339 2480 tenebras

484 2501 788 2557 exteriores,

554 2587 618 2646 W·
641 2575 839 2630 Omnis
852 2572 1012 2627 turba
1026 2574 1219 2628 eorum
1244 2571 1339 2641 qui

484 2650 642 2702 simul
683 2649 905 2704 {iderant
949 2648 1018 2702 ad
1061 2647 1337 2718 spectacu-

483 2725 596 2775 lum
636 2720 812 2784 istud‚
841 2727 895 2772 et
925 2717 1185 2772 videbant
1218 2735 1337 2788 quae

481 2793 701 2856 fiebant,
729 2791 1094 2865 percutientes
1118 2795 1339 2862 pectora

482 2883 576 2919 sua
616 2864 1025 2921 revertebantur
1067 2884 1080 2915 =
1123 2863 1340 2918 stabant

483 2947 663 2994 autem
683 2937 708 2968 ³*
729 2938 852 2994 Noti
876 2939 992 3008 ejus
1009 2946 1064 2992 et
1082 2939 1340 2993 mulieres

481 3013 724 3082 delongc⁸
742 3012 1071 3085 aspicientes.
1095 3017 1160 3084 γ’.
1181 3013 1337 3066 Plan-

484 3091 614 3154 gent
651 3101 775 3140 eum
810 3086 1032 3158 planctu
1060 3086 1211 3156 quasi
1248 3101 1334 3138 su-

479 3175 578 3230 per
596 3159 970 3230 unigenitum,
996 3168 1050 3214 et
1073 3150 1339 3214 dolebunt

481 3248 646 3304 super
668 3249 794 3296 eum
827 3240 890 3287 ut
925 3234 986 3288 in
1011 3240 1201 3286 morte
1222 3232 1335 3304 pri-

479 3307 774 3376 mogeniti,
813 3305 841 3335 '¹'
881 3305 1023 3360 Noti.
1067 3307 1187 3360 Luc.
1240 3306 1327 3360 25.

481 3381 648 3432 Marc.
688 3381 775 3433 15.
799 3378 960 3434 Zach.
1001 3397 1082 3434 12.

513 3452 816 3594 dRsspemar
853 3470 904 3526 ¹3!
936 3451 1155 3516 Omnis»,
1183 3470 1336 3524 usque

479 3542 510 3574 a

951 222 1003 258 m
1029 219 1367 259 couPAsstorm
1389 219 1557 259 3831·AE
1582 220 1767 259 unm.

1469 303 1520 357 N
1524 320 1586 355 oa
1609 299 1795 357 dubitur
1816 301 1897 353 Te
1918 301 2111 355 Deum.

1472 380 1518 446 y
1559 372 1763 428 Sacerci.
1820 373 2089 438 Qusmdiu
2134 388 2223 445 ρο·

1399 464 1525 502 nam
1552 446 1775 501 consilia
1804 446 1865 499 in
1890 447 2070 500 anima
2086 462 2221 507 mea,

1400 534 1465 591 εγ.
1513 521 1771 575 Dolorem
1815 520 1873 573 in
1918 520 2081 575 corde
2118 536 2227 573 meo

1400 609 1498 665 per
1522 594 1705 651 diem?
1730 596 1823 647 Pa.
1860 610 1943 647 12.

1526 722 1531 727 ,
1615 669 1711 720 AD
1750 667 2040 721 LAUDES.

1472 738 1602 793 Ant.
1636 742 1687 794 5.
1720 743 1781 794 C.
1821 742 1867 793 O
1903 755 1999 793 vos
2021 755 2233 798 omna.

1402 814 1497 883 qui
1516 813 1753 867 transitis
1774 829 1873 885 per
1891 814 2053 875 viam,
2077 816 2235 867 auen·
2304 831 2313 842 ·

1404 886 1514 941 dite
1530 927 1545 949 ‚
1587 894 1640 939 et
1679 887 1853 941 videte
1896 886 1939 940 si
1974 892 2055 940 est
2094 886 2241 941 dolor

1402 960 1542 1014 sicut
1574 959 1733 1013 dolor
1769 975 1939 1015 meus·
1973 959 2163 1013 Thr-en.
2196 979 2235 1013 1.

1472 1032 1603 1087 Ant.
1641 1039 1697 1087 1.·
1724 1033 1762 1087 f.
1800 1033 2239 1104 Defecerantprae

1402 1105 1656 1177 lacrymis
1704 1107 1849 1161 oculi
1898 1107 2007 1160 mei
2054 1128 2070 1159 ι
2124 1124 2242 1160 con-

1404 1178 1620 1233 turbata
1674 1188 1799 1234 sunt
1856 1178 2057 1234 viscera
2109 1196 2241 1233 mea.

1408 1252 1597 1306 Thr-en.
1628 1270 1680 1306 2.

1474 1326 1526 1379 A
1532 1336 1605 1381 nt
1640 1328 1692 1380 8.
1732 1342 1781 1379 c.
1816 1324 2089 1381 Attenuati
2126 1335 2247 1380 sunt

1403 1399 1549 1452 oculi
1600 1399 1751 1462 mei,
1798 1399 2151 1471 suspicientes
2192 1402 2247 1453 in

1404 1473 1711 1525 excelsum.
1736 1473 2005 1535 Domine,
2035 1473 2145 1525 vim
2172 1476 2257 1545 pii

1405 1545 1527 1599 tior.
1558 1546 1753 1600 1³58.

1515 1621 1797 1672 (ΞΛΜ-κω.
1877 1618 2071 1672 Thr-en.
2104 1636 2161 1671 2.

1408 1649 1699 1767 Quonono
1724 1690 1931 1745 obtexit
1947 1690 2184 1761 callgine
2206 1693 2259 1744 in

1408 1764 1592 1819 furore
1618 1782 1716 1819 suo
1740 1765 2013 1821 Dominus
2035 1766 2061 1792 “
2088 1765 2259 1821 filiam

1406 1839 1574 1901 Sion3

1478 1912 1601 1981 Proj
1610 1912 1713 1967 ecit
1726 1912 1795 1966 de
1806 1911 1949 1965 coeln
1961 1911 2021 1967 in
2035 1914 2263 1967 terram'

1407 1982 1663 2057 inclytam
1684 1986 1842 2040 Israel
1868 2007 1881 2038 z

1478 2062 1547 2113 Et
1570 2076 1682 2113 non
1710 2065 1788 2112 est
1809 2060 2131 2115 recordatus
2154 2076 2265 2114 sm-

1406 2132 1539 2186 belli
1564 2132 1769 2204 pedum
1789 2134 2011 2187 suorum
2036 2135 2065 2163 ¹*
2090 2134 2155 2192 in
2180 2135 2267 2189 die

1410 2205 1607 2260 furoris
1638 2207 1735 2260 sui·

1478 2278 1835 2350 Praecipitavit
1852 2277 2149 2342 Dominus,
2168 2295 2273 2332 nec

1407 2353 1682 2478 pepegcih
1720 2353 1746 2380 ¹*
1788 2352 1977 2407 omnia
2018 2355 2271 2424 speciosa

1408 2429 1537 2481 Jaco
1580 2465 1595 2478 .

1480 2499 1753 2556 Destruxit
1771 2497 1829 2552 in
1844 2497 2029 2552 furore
2044 2515 2149 2552 suo
2162 2515 2279 2552 mu-

1408 2571 1644 2626 nitiones
1673 2572 1904 2641 Virginis
1934 2571 2083 2626 Juda
2119 2596 2135 2625 ι
2166 2575 2195 2600 ⁴*
2226 2579 2281 2624 et

1408 2644 1608 2714 dejecit
1631 2645 1692 2698 in
1716 2653 1911 2698 terram
1938 2667 1952 2697 ε

1480 2719 1679 2772 Polluit
1703 2733 1935 2788 regnum
1972 2723 2029 2770 et
2058 2719 2279 2790 princi-

1410 2807 1504 2861 pes
1534 2792 1653 2860 ejus
1686 2813 1699 2841 ε
1734 2793 1759 2819 “
1794 2790 2071 2860 confregit
2096 2792 2162 2844 in
2204 2793 2283 2845 ira

1411 2865 1611 2918 fur6ris
1652 2865 1735 2918 sui
1769 2881 1938 2919 omne
1974 2881 2164 2921 cornu
2210 2869 2283 2918 ls-

1409 2937 1522 2993 rael
1546 2959 1561 2989 z

1483 3010 1688 3066 Avcrtit
1736 3019 2031 3065 retrorsum
2094 3011 2285 3065 dexte-

1408 3101 1527 3140 ram
1554 3099 1705 3138 suam
1730 3083 1755 3111 ¹*
1784 3087 1814 3138 a
1843 3084 1981 3138 facie
2008 3083 2247 3138 inimici
2272 3107 2285 3133 z

1478 3159 1549 3212 Et
1560 3157 1909 3212 succenditin
1925 3156 2107 3212 Jacob
2130 3158 2291 3228 quasi

1407 3231 1595 3301 ignem
1632 3231 1862 3285 flammae
1896 3232 1923 3260 ⁴*
1957 3231 2293 3286 devorantis

1406 3305 1465 3358 in
1489 3319 1641 3375 gyro.
1782 3318 1789 3326 ·

1479 3375 1731 3432 Tetendit
1749 3393 1937 3431 arcum
1958 3394 2134 3432 suum
2160 3394 2291 3448 qua·

1406 3450 1451 3503 si
1468 3450 1749 3514 inimicus;
1778 3450 1804 3477 ¹*
1828 3450 2071 3505 firmavit
2098 3453 2289 3508 dexte-

1406 3539 1521 3578 ram
1550 3539 1702 3579 suam
1730 3525 1883 3594 quasi
1906 3524 2087 3580 hostis
2109 3546 2127 3576 ε
