2392 4050
474 186 543 237 50

467 297 609 342 cum,
640 286 799 352 surgit
820 283 1087 337 Celebrans
1103 326 1117 350 ‚
1152 298 1204 340 et
1231 291 1338 341 ele—

469 363 593 398 vans
611 366 784 401 vocem
806 355 985 402 recitat
1017 354 1332 420 Orationem,

470 418 647 465 ceteris
672 433 831 486 usque
854 417 919 468 ad
945 420 1102 470 finem
1134 422 1337 474 Oratio-

470 482 551 530 nis
572 479 741 533 Officii
770 488 1147 538 remanentibus
1169 501 1334 558 genu-

471 545 633 610 flexis,
658 556 710 598 et
728 549 793 600 ad
812 551 969 602 altare
992 560 1263 608 conversim

693 656 728 695 C
745 659 905 697 APUT
954 661 1109 700 xvn.

474 723 551 770 De
585 723 851 790 Suffraqiis
897 736 948 777 et
986 731 1333 783 Commemora-

609 791 821 840 tionibus
849 799 1194 846 communibus.

510 882 514 886 ”
541 876 657 926 218.
692 876 958 948 Suffragia,
980 899 1068 932 seu
1106 883 1336 936 Comme-

475 945 775 994 morationes
792 962 1100 1010 communes,
1121 968 1236 1020 quae
1252 969 1337 1002 ex-

476 1017 588 1058 tant
624 1012 681 1058 in
742 1009 1009 1064 Ordinatio
1054 1016 1331 1082 Breviarii,

472 1074 713 1125 dicuntur
734 1079 792 1126 in
813 1079 973 1130 Fe‘riis
1003 1080 1033 1130 a
1057 1083 1336 1134 Praesenta-

475 1145 612 1192 tioue
651 1140 863 1195 Domini
902 1145 968 1196 ad
1009 1147 1332 1202 Dominicam

478 1208 725 1259 Passionis
745 1247 760 1272 ‚
820 1219 873 1261 et
911 1213 941 1262 a
979 1213 1230 1266 Trinitate
1270 1216 1334 1267 ad

476 1273 767 1326 Adventum
784 1313 798 1339 ,
828 1281 885 1326 in
912 1279 1012 1330 fine
1037 1282 1263 1333 Laudum
1282 1293 1334 1334 et

477 1339 834 1409 vesperarum,
869 1354 979 1413 post
1016 1347 1334 1400 Commemo—

474 1410 691 1458 rationes
726 1421 1055 1463 occurrentes.
1106 1415 1332 1467 Primum

476 1473 535 1522 fit
577 1473 992 1528 commemoratio
1040 1479 1105 1531 de
1156 1482 1328 1533 Cruce.

476 1540 891 1594 Commemoratio
932 1543 995 1594 de
1031 1547 1247 1599 Patrono
1284 1557 1334 1600 et

477 1604 697 1656 Titulari
736 1625 793 1658 ac
846 1608 909 1660 de
939 1612 1173 1663 omnibus
1205 1615 1336 1664 San-

474 1675 600 1734 ctiS,
636 1673 696 1723 fit
733 1682 845 1741 post
886 1675 1335 1731 Commemoratio-

476 1754 591 1788 nem
633 1739 714 1789 vel
750 1738 985 1792 Officium
1033 1744 1097 1795 de
1148 1747 1330 1810 Beata,

474 1821 562 1918 Ber
579 1808 779 1856 unicam
804 1809 1181 1878 Antiphonam‚
1203 1815 1262 1876 ψ,
1284 1823 1336 1864 et

522 1875 767 1922 rationem
799 1876 1101 1941 Propitiare,
1144 1881 1202 1929 in
1235 1898 1334 1951 qua

476 1940 695 1988 insertur
748 1955 933 1990 nomen
993 1942 1235 2009 Patroni,
1278 1965 1334 1998 ac

475 2007 629 2054 etiam
677 2005 919 2059 Titularis
956 2012 1001 2059 si
1044 2009 1075 2061 εὶ
1120 2011 1336 2064 Patrono

478 2070 696 2123 differat.

544 2136 603 2186 Si
638 2145 805 2189 autem
848 2140 1069 2193 Ecclesia
1104 2142 1334 2197 dedicata

476 2206 539 2251 sit
582 2204 674 2253 sub
716 2206 865 2257 titulo
901 2208 995 2258 SS.
1033 2209 1330 2277 Trinitatis,

476 2277 565 2318 aut
586 2270 640 2319 S.
658 2270 898 2339 Spiritus,
914 2273 1160 2343 ejusmodi
1180 2277 1334 2328 Com-

478 2341 769 2389 memoratio
797 2338 858 2388 fit
888 2350 1004 2391 ante
1027 2342 1333 2413 Suffragium

474 2400 537 2450 de
576 2402 746 2455 Cruce.
787 2405 937 2471 Quod
978 2412 1021 2457 si
1057 2410 1238 2459 titulus
1268 2416 1334 2462 sit

477 2485 634 2519 unum
691 2488 753 2521 ex
805 2472 1062 2539 Mysteriis
1106 2476 1296 2527 Christi
1315 2516 1329 2541 ,

474 2532 626 2604 hujus
668 2534 1084 2593 commemoratio
1131 2542 1192 2593 fit
1223 2543 1334 2607 loco

474 2602 970 2657 commemorationis
1020 2608 1083 2658 de
1145 2610 1331 2673 Cruce‚

473 2682 586 2736 quae
622 2678 744 2721 tunc
794 2675 1064 2723 omittitur.
1126 2674 1183 2724 Si
1215 2678 1333 2728 vero

473 2734 567 2783 sub
590 2738 909 2787 invocatione
932 2736 990 2787 B.
1016 2738 1212 2803 Mariae,
1229 2758 1332 2793 non

475 2798 535 2847 fit
564 2799 665 2849 alia
701 2802 1116 2855 commemoratio
1151 2806 1215 2857 de
1253 2826 1329 2872 ea,

472 2865 623 2979 {inim
646 2866 735 2917 illa
770 2885 884 2937 quae
920 2869 1140 2926 habetur,
1155 2876 1212 2923 in
1236 2873 1334 2925 Or-

509 2934 705 2995 inari03
750 2942 803 2983 et
837 2943 959 2985 tunc
997 2939 1055 2985 in
1092 2937 1332 2993 Oratione

474 2998 771 3063 propitiare,
782 3002 983 3051 nullum
1005 3006 1224 3056 insertur
1241 3024 1334 3058 no-

474 3078 609 3123 men,
642 3063 729 3114 sed
756 3067 954 3118 tantum
984 3068 1173 3121 dicitur
1207 3091 1216 3122 :
1234 3092 1332 3139 per

476 3129 757 3181 Sanctorum
774 3150 995 3199 quorum,
1016 3144 1112 3186 etc.

542 3194 629 3243 11ae
666 3195 1167 3253 commemorationes
1196 3220 1331 3254 com-

474 3276 649 3311 munes
689 3263 823 3314 fiunt
867 3270 1019 3316 etiam
1060 3272 1118 3318 in
1170 3270 1330 3321 Festis

474 3324 831 3395 Simplicibm„
864 3331 1067 3403 dempta
1094 3336 1331 3387 Comme-

472 3396 746 3446 moratione
766 3396 829 3448 de
854 3398 1009 3451 Cruce
1025 3438 1041 3465 ‚
1071 3405 1208 3453 utin
1238 3403 1330 3453 Or-

469 3454 667 3512 dinario
690 3470 911 3515 notatur.

537 3540 652 3589 2¹9·
676 3528 775 3580 Sed
804 3533 938 3583 inter
958 3532 1206 3609 Suffragia
1225 3551 1326 3586 non

1040 209 1364 248 linamentum
1385 215 1700 254 annulum

1405 304 1480 346 est
1529 299 1906 350 annumeranda
1943 301 2269 358 Commemo-

1405 366 1535 413 ratio
1569 363 1632 414 de
1672 365 1817 416 beata
1860 367 1952 418 Vir
1983 373 2068 421 ine
2087 409 2104 434 ,
2149 391 2269 443 quae

1405 428 1619 480 habetur
1637 435 1696 481 in
1714 433 1873 484 Feriis
1896 434 1960 486 Α(
1979 440 2190 502 ventu83
2217 451 2270 491 et

1406 495 1466 546 fit
1494 497 1724 567 quotidie
1750 499 1818 550 ad
1852 501 2043 554 Laudes
2059 541 2074 566 ‚
2111 522 2271 556 exce-

1403 566 1506 630 ptis
1541 563 1700 615 Festis
1738 566 2060 620 Solemnibus
2096 581 2150 621 et
2179 591 2270 623 su-

1405 629 1510 696 pra,
1528 649 1686 701 usque
1709 631 1772 682 ad
1798 634 1862 682 Vi
1899 636 2040 686 iliam
2067 636 2272 691 Nativi-

1407 700 1524 746 tatis
1551 698 1780 749 Domini.
1804 701 1850 750 A
1907 701 2149 772 Vesperas
2176 725 2271 756 au-

1407 769 1506 812 tem
1529 765 1588 814 fit
1606 765 1807 816 tantum
1825 769 1882 817 in
1902 769 2080 834 Feriis,
2103 771 2270 823 donec

1405 833 1716 899 incipiantur
1751 834 2060 904 Antiphonae
2099 838 2269 908 majo-

1405 913 1482 947 res
1507 899 1564 948 0.

1473 979 1590 1014 220.
1615 964 1746 1016 Item
1767 965 2184 1022 Commemoratio
2203 973 2270 1023 de

1409 1029 1618 1098 Virgine
1664 1032 1880 1100 Dcipara
1899 1071 1913 1096 ,
1951 1053 2064 1105 quae
2099 1042 2268 1106 posita

1405 1105 1479 1145 est
1511 1102 1567 1148 in
1608 1098 1812 1166 Propi-io
1849 1101 2146 1154 Sanctorum
2179 1105 2269 1156 die

1410 1163 1472 1228 ¹4
1511 1163 1744 1215 ,Ianuarii
1760 1203 1773 1228 ,
1819 1168 2048 1237 quotidie
2088 1169 2152 1221 fit
2199 1172 2268 1223 ad

1408 1228 1628 1292 Laudes,
1673 1231 1738 1281 ab
1775 1249 1836 1282 eo
1875 1233 1958 1284 die
2001 1239 2269 1306 usque-ad

1408 1297 1845 1348 praesentationem
1863 1299 2075 1352 Domini
2094 1305 2268 1356 exclu-

1403 1365 1508 1413 sive
1524 1400 1539 1425 ‚
1572 1367 1725 1414 etiam
1745 1368 1802 1415 in
1823 1365 1910 1416 Du
1943 1368 2268 1422 lieibus-ma-

1397 1427 1623 1497 joribuS,
1667 1447 1771 1482 non
1811 1440 1900 1482 aut
1929 1451 1978 1485 m
2023 1439 2080 1486 in
2117 1437 2266 1490 Sole-

1405 1495 1610 1546 mnibus
1631 1505 1682 1547 et
1709 1499 1873 1566 supra.

1472 1578 1587 1612 221.
1637 1565 1683 1613 Α
1722 1564 1992 1617 Dominica
2024 1569 2081 1618 in
2115 1571 2265 1623 Albis

1405 1627 1469 1678 ad
1491 1629 1848 1681 Ascensionem
1865 1671 1879 1695 ,
1902 1636 1958 1682 in
1985 1634 2146 1686 Feriis
2163 1675 2177 1699 ‚
2205 1657 2264 1690 ae

1405 1698 1558 1744 etiam
1595 1699 1653 1745 in
1698 1697 1858 1748 Festis
1899 1700 2230 1770 Simplicibus
2247 1745 2262 1768 ,

1407 1761 1467 1810 fit
1484 1761 1898 1815 commemoratio
1931 1766 1994 1816 de
2023 1769 2178 1820 Cruce
2212 1781 2266 1822 et

1409 1828 1786 1880 Resurrectione
1831 1832 2072 1896 Domini,
2115 1847 2266 1905 prout

1406 1894 1622 1945 habetur
1659 1899 1717 1946 in
1739 1898 2022 1958 ,Communi
2043 1903 2266 1974 Tempo-

1406 1964 1474 2011 ris
1484 1961 1776 2079 ἷῦξεὴεῡε,
1802 1973 1913 2034 post
1940 1966 2265 2022 Dominicam

1405 2045 1462 2078 in
1587 2048 1646 2079 ιε.

1471 2110 1589 2146 222.
1613 2096 2028 2151 Commemoratio
2048 2099 2110 2149 de
2131 2100 2266 2152 Bea-

1406 2170 1457 2209 ta
1541 2165 1637 2213 sita
1669 2167 1724 2213 in
1746 2164 2046 2228 ordinario,
2081 2184 2186 2217 non
2204 2168 2267 2218 fit

1406 2178 1640 2279 Saffiatis
1661 2234 1718 2280 in
1736 2232 1924 2301 quibus
1945 2232 2008 2281 fit
2027 2231 2262 2285 Officium

1401 2292 1466 2343 de
1502 2310 1560 2344 ea
1577 2332 1592 2357 ‚
1625 2313 1718 2347 nec
1753 2297 1843 2348 ubi
1879 2298 1988 2369 ejus
2026 2297 2263 2352 Officium

1403 2377 1613 2428 parvum
1635 2363 1840 2413 dicitur.

1471 2429 1588 2477 223.
1611 2428 1670 2479 Si
1687 2428 1883 2481 dicatur
1895 2428 2131 2481 Officium
2149 2448 2266 2499 par-

1403 2510 1524 2543 vum
1546 2493 1702 2545 beatae
1743 2496 1950 2560 Mariae,
2050 2504 2096 2547 st
2124 2498 2266 2547 Lau-

1403 2558 1490 2608 des
1510 2567 1562 2609 et
1584 2561 1824 2631 Vesperas
1854 2564 1958 2614 diei
2019 2572 2040 2614 t
2061 2563 2264 2614 tantum

1405 2625 1818 2679 commemoratio
1854 2630 1917 2681 de
1947 2630 2124 2680 Cruce:
2150 2630 2265 2681 aliae

1405 2692 1908 2747 commemorationes
1972 2712 2267 2747 communes

1405 2758 1536 2809 fiunt
1563 2769 1675 2829 post
1706 2761 1896 2819 Laudes
1933 2771 1984 2813 et
2022 2761 2265 2831 vesperas

1405 2824 1573 2877 Officii
1604 2831 1776 2895 parvi,
1809 2832 1912 2880 nisi
1941 2828 2264 2879 Commemo-

1403 2894 1531 2942 ratio
1553 2894 1664 2943 fieri
1679 2893 1860 2945 debeat
1877 2895 1938 2946 de
1957 2904 2126 2946 sancta
2152 2896 2268 2945 Tri-

1399 2961 1562 3009 nitate
1595 2968 1685 3009 aut
1736 2961 1994 3027 Mysteriis
2035 2961 2261 3026 Christi5

1401 3032 1523 3075 tunc
1543 3030 1680 3076 enim
1703 3027 1763 3078 fit
1782 3032 1838 3079 in
1859 3026 2040 3079 Officio
2057 3028 2163 3079 diei
2184 3046 2266 3079 se-

1401 3091 1623 3141 cundum
1657 3094 1886 3145 ordinem
1915 3095 2062 3163 supra
2091 3112 2264 3147 enun—

1401 3160 1600 3207 tiatum.

1631 3254 1829 3293 CAPUT
1852 3256 2033 3295 xvm.

1401 3320 1480 3369 De
1528 3324 1828 3387 Antisthenis
1879 3324 2030 3373 beatoe
2079 3326 2262 3375 Μανία

1465 3390 1521 3434 in
1543 3387 1641 3451 fine
1676 3388 1866 3453 Officii,
1887 3397 1938 3437 et
1965 3393 2024 3441 de
2043 3393 2264 3459 ejusdem

1471 3452 1636 3517 Officio
1652 3470 1833 3517 parvo.

1466 3538 1582 3619 ²²04·
1637 3541 1946 3612 Antiphonae
2003 3544 2068 3595 de
2115 3543 2266 3595 beata
