2392 4050
643 129 695 190 ru
718 153 798 191 nm
821 151 1007 192 smero
1030 152 1378 193 runracosrzs.

165 231 244 284 titae
275 229 466 301 linguae
504 238 764 302 tanquam
802 235 971 304 iguis,

164 304 367 376 seditque
400 321 562 378 supra
602 305 840 376 singulos
888 310 975 362 εό-

162 393 258 430 rum
286 399 299 428 ε
324 384 378 432 et
398 379 593 449 repleti
633 388 760 433 sunt
794 396 983 434 omnes

163 449 328 521 Spiritu
350 459 573 514 sancto;
612 460 665 504 et
702 457 983 525 coeperunt

163 523 286 592 loqui
326 525 483 577 variis
534 524 733 594 linguis
751 567 765 589 ,
816 535 982 596 prout

164 595 354 666 Spin‘tus
370 603 586 651 sanctus
610 599 774 652 dabat
798 600 980 668 eloqui

164 669 260 721 illis.
286 672 449 724 Erant
470 678 651 724 autem
686 672 743 724 in
768 673 983 726 Jerusa-

166 741 253 794 lem
288 741 585 796 habitantes
626 745 802 798 Judaei
820 785 833 807 ‚
884 745 983 799 viri

163 814 363 883 religiosi
380 817 611 870 exomni
622 817 843 870 natione
862 833 983 886 quae

166 886 247 940 sub
264 889 389 942 coelo
410 894 503 942 est.
520 893 681 942 Facta
692 897 869 943 autem
884 891 986 944 hac

167 975 293 1026 voce,
320 963 571 1016 convenit
592 964 905 1026 multitudO,
933 971 987 1016 et

166 1041 319 1086 mente
344 1033 571 1092 confusa
596 1042 695 1099 est,
724 1037 983 1111 quoniam

167 1105 390 1161 audiebat
414 1109 785 1180 unusquisque
805 1110 986 1178 lingua

165 1179 668 1252 suaillosloquentes.
690 1180 987 1251 Stupebant

169 1257 323 1305 autem
332 1268 543 1316 omnes,
556 1261 611 1307 et
628 1253 981 1316 mirabantur,

168 1324 412 1379 dicentem
434 1329 629 1382 Nonne
655 1343 779 1382 ecce
797 1343 989 1381 omnes

168 1397 240 1450 isti
277 1400 365 1467 qui
395 1400 727 1472 loquuntur,
783 1401 987 1453 Galilaei

85 1505 87 1508 ψ
166 1472 303 1522 sunt?
330 1479 385 1525 et
407 1473 814 1546 quomodo-nos
836 1473 986 1527 audi-

164 1543 315 1597 vimus
348 1545 715 1614 unusquisque
745 1546 985 1616 linguam

85 1655 88 1658 .
166 1625 400 1680 nostram,
433 1618 490 1670 in
517 1633 625 1686 qua
650 1619 763 1670 nati
782 1635 986 1680 sumus,

86 1751 88 1754 Α
167 1689 348 1752 Parthi,
375 1697 429 1743 et
453 1689 617 1752 Medi,
648 1699 701 1744 et
723 1691 985 1752 Elamitae‚

168 1769 212 1813 et
258 1763 345 1830 qui
391 1761 638 1816 habitant
688 1763 991 1834 Mesopota-

168 1834 345 1899 miam,
374 1836 651 1899 Judaeam,
693 1844 746 1890 et
790 1839 989 1908 Cappa·

85 1959 87 1966 ,
170 1905 361 1961 dociam
379 1947 395 1970 ‚
423 1911 683 1971 Pontum,
705 1917 759 1962 et
786 1911 988 1971 Asiam,

169 1979 464 2051 Phrygiam,
507 1989 563 2037 et
594 1982 992 2054 Pamphyliam,

170 2054 458 2127 AEgyptum‚
510 2064 562 2109 et
608 2064 787 2127 partes
813 2055 995 2126 Libyae

85 2170 88 2195 ,
172 2141 273 2195 quae
308 2136 384 2181 est
425 2128 572 2183 circa
614 2131 854 2199 Cyrenen
880 2167 895 2192 ,
944 2136 998 2183 et

175 2198 369 2272 advenae
386 2202 645 2264 Romani,
666 2203 842 2256 Judaei
864 2217 996 2271 quo·

86 2320 88 2345 ἶ
175 2287 293 2340 que,
342 2281 395 2327 et
436 2274 730 2347 Proselyti,
788 2278 995 2337 Cretes,

175 2344 220 2397 et
240 2346 451 2409 Arabes»,
484 2348 786 2402 audivimus
811 2364 902 2401 eos
920 2348 998 2401 lo-

177 2426 379 2491 quentes
422 2420 622 2478 nostris
663 2420 857 2495 linguis
892 2436 1001 2473 ma-

85 2548 87 2551 ,
177 2492 331 2559 gualia
353 2494 470 2547 Dei.

180 2582 187 2589 ·
236 2576 293 2633 ιγ.
338 2565 701 2622 Numerabitis
740 2564 892 2621 vobis
934 2564 999 2619 ab

180 2634 326 2689 altero
350 2639 439 2695 die
459 2638 666 2693 sitbbati
698 2638 1001 2709 azymorum

181 2709 553 2781 quinquaginta
579 2711 692 2764 dies
714 2731 729 2773 3
754 2720 807 2765 et
828 2712 903 2765 sic
930 2710 1005 2763 of-

182 2778 339 2837 feretis
402 2783 731 2839 sacrificium
797 2800 1005 2837 novum

182 2853 427 2911 Domino:
459 2865 514 2911 et
530 2857 554 2886 ¹*
574 2856 843 2911 vocabitis
859 2857 1009 2911 hunc

183 2924 305 2980 diem
366 2928 778 2985 celeberrimum
850 2939 1007 2999 atque

182 3002 553 3056 sanctissimum
578 3044 592 3066 ,
622 3003 853 3067 alleluia,
890 3004 1008 3057 alle·

183 3069 289 3154 hiia.
336 3080 400 3145 γ.
444 3076 583 3128 Cum
613 3078 1012 3145 complerentur

184 3140 278 3197 dies
286 3149 640 3211 Pentecostes,
659 3156 809 3203 erant
822 3155 1013 3203 omnes

184 3217 360 3294 pariter
380 3222 441 3279 in
462 3223 655 3280 eodem
681 3224 831 3284 loc03
860 3228 913 3281 et
936 3238 1011 3275 re-

186 3288 298 3355 pleti
351 3300 481 3350 sunt
525 3294 729 3389 Spiritu
784 3303 970 3348 sancto
995 3316 1008 3346 ε

184 3360 203 3384 “
233 3364 506 3422 Vocabitis.
554 3368 755 3422 hidria.
808 3366 830 3390 ⁶
849 3370 1011 3423 Voca-

188 3429 312 3493 bitis.
342 3442 507 3495 Levit.
530 3442 615 3495 25.
643 3440 760 3495 Act.
791 3458 839 3494 2.

1795 132 1900 206 ⁵97

1325 239 1514 290 Lecrxo
1555 251 1614 290 11.
1903 241 1912 248 '

1118 311 1306 362 Sermo
1332 309 1501 362 sancti
1534 305 1819 378 Augustini

1152 381 1420 453 Episcopi.
1447 383 1565 436 155.
1584 402 1632 434 n.
1651 383 1770 445 5,6.

1052 413 1420 509 Ceterum-uu
1465 462 1544 508 est
1593 454 1795 508 Pascha
1838 452 1898 506 in

1054 528 1218 580 veteri
1259 523 1500 598 populo‘e
1547 525 1798 580 nondum
1837 526 1896 579 in

1054 601 1175 652 luce
1201 599 1440 668 fulgente
1461 640 1475 662 ,
1511 598 1603 652 sed
1629 601 1686 652 in
1703 598 1898 654 umbra

1054 672 1390 742 significante
1427 672 1752 726 celebratum
1787 680 1896 732 est3

1054 753 1107 798 et
1136 753 1259 817 post
1300 745 1687 815 quinquaginta
1724 745 1838 800 dies
1871 747 1902 798 δ

1056 818 1410 873 celebratione
1446 818 1660 872 Paschae
1682 857 1696 880 ,
1743 818 1904 873 datur

1055 891 1137 943 lex
1178 892 1238 943 in
1278 899 1464 945 monte
1494 892 1652 950 Sina.
1705 891 1902 962 scripta

1056 963 1223 1033 dIgito
1249 965 1366 1019 Dei.
1401 965 1552 1018 Venit
1567 980 1751 1018 verum
1777 966 1900 1018 Pas-

1056 1036 1191 1100 cha;
1249 1037 1568 1091 immolatur
1626 1035 1896 1099 Christum

1056 1109 1337 1164 transitum
1380 1108 1512 1162 facit
1551 1111 1580 1162 a
1618 1115 1793 1163 morte
1835 1107 1904 1162 ad

1058 1184 1221 1235 vitam
1246 1205 1259 1234 ε
1292 1187 1353 1235 et’
1369 1187 1727 1236 numerantur
1745 1182 1903 1252 quin·

1058 1255 1311 1326 quaginta
1335 1255 1476 1316 dies,
1516 1259 1571 1306 et
1608 1252 1754 1308 venit
1787 1253 1906 1324 Spi-

1057 1329 1191 1381 ritus
1231 1334 1450 1385 sanctus
1471 1367 1486 1388 ‚
1535 1324 1732 1395 digitus
1779 1324 1898 1380 Dei.

1058 1401 1167 1454 Sed
1191 1398 1366 1452 videte
1395 1398 1472 1453 ibi
1499 1397 1776 1466 quomodo
1801 1439 1815 1460 ,
1855 1406 1909 1452 et

1060 1474 1150 1527 hic
1172 1473 1468 1542 quomodo.
1486 1470 1568 1524 lbi
1581 1472 1732 1542 plebs
1744 1472 1908 1542 longi-⁸

1058 1545 1252 1608 stabat3
1277 1545 1443 1602 timor
1466 1552 1597 1608 erat,
1627 1561 1778 1598 amor
1793 1559 1907 1597 non

1061 1625 1173 1672 erat
1190 1641 1204 1670 ε
1232 1634 1360 1672 nam
1380 1635 1550 1688 usque
1569 1619 1703 1674 adeo
1722 1618 1908 1671 timue·

1059 1697 1211 1753 runt,
1235 1699 1296 1744 ut
1308 1691 1547 1748 dicerent
1557 1690 1629 1744 'ad
1650 1691 1905 1761 Moysen:

1060 1766 1304 1833 Loquere
1339 1771 1400 1818 tu
1436 1765 1504 1818 ad
1542 1780 1674 1825 nos;
1712 1771 1764 1816 et
1797 1777 1910 1816 non

1064 1835 1226 1896 nobis
1249 1837 1502 1908 loquatur
1525 1836 1814 1898 Dominus,
1843 1850 1911 1888 ne

1064 1909 1377 1964 moriamur.
1419 1909 1709 1968 Descendit
1745 1921 1874 1978 ergo
1892 1947 1906 1967 ,

1064 1983 1201 2038 sicut
1225 1983 1482 2055 scriptum
1520 1989 1631 2045 est,
1669 1985 1815 2037 Deus
1851 1980 1913 2035 in

1066 2058 1193 2110 Sina
1213 2096 1227 2118 ,
1275 2056 1332 2117 in
1367 2058 1530 2126 igne3
1568 2054 1660 2113 sed
1694 2053 1912 2127 plebem

1068 2130 1228 2199 longe
1259 2136 1487 2183 stantem
1532 2129 1780 2184 territans
1799 2168 1814 2189 ,
1864 2133 1918 2180 et

1068 2202 1238 2271 digito
1263 2218 1360 2257 suo
1381 2202 1622 2257 scribens
1635 2202 1694 2255 in
1714 2198 1910 2271 lapide,

1073 2292 1183 2328 non
1239 2275 1294 2327 in
1343 2275 1523 2331 corde.
1583 2278 1702 2329 Huc
1737 2280 1913 2326 autem

1072 2346 1292 2417 quando
1341 2347 1488 2400 venit
1519 2346 1748 2417 Spiritus
1789 2358 1909 2396 san-

1073 2429 1191 2473 ctus
1209 2460 1224 2482 ,
1250 2419 1565 2488 vcongregati
1598 2423 1754 2470 erant
1781 2416 1913 2469 fide·

1072 2495 1146 2548 les
1172 2492 1233 2546 in
1257 2507 1432 2545 unum
1462 2509 1476 2539 ε
1507 2506 1608 2543 nec
1642 2490 1703 2545 in
1731 2492 1918 2542 monte

1071 2564 1296 2627 terruit,
1337 2562 1430 2618 sed
1465 2561 1682 2617 intravit
1723 2562 1783 2615 in
1819 2558 1920 2615 do-

1072 2654 1245 2691 mum.
1294 2640 1380 2691 De
1409 2637 1546 2689 coelo
1590 2634 1808 2705 quidem
1850 2632 1921 2703 fa*—
2021 2674 2026 2679 .

1076 2718 1193 2771 ctus
1217 2716 1296 2764 est
1319 2708 1496 2765 subito
1531 2725 1715 2773 sonus,
1771 2706 1922 2778 quasi

1077 2782 1306 2840 ferretur
1328 2784 1488 2841 flatus
1501 2782 1815 2843 vehemens:
1846 2781 1922 2833 so·

1077 2858 1230 2918 nuit,
1295 2855 1390 2911 sed
1450 2857 1630 2913 nullus
1675 2853 1917 2927 expavit.

1076 2930 1210 2984 Visae
1247 2934 1374 2983 sunt
1399 2928 1535 2992 iuis,
1573 2928 1753 3000 inquit
1782 2924 1921 2979 Scri-

1076 3004 1267 3075 ptura,
1297 3003 1494 3071 linguae
1528 3000 1710 3055 divisae
1729 3002 1754 3061 ,’
1784 2998 1928 3052 velut

1079 3076 1236 3145 ignis.
1286 3072 1562 3143 Numquid
1605 3074 1672 3127 de
1711 3070 1926 3139 longin-

1081 3165 1189 3218 quo
1240 3148 1529 3207 territans?
1577 3143 1746 3203 Absit.
1796 3144 1924 3211 Nam

1080 3221 1278 3275 insedit
1298 3237 1460 3293 super
1483 3222 1930 3287 unumquemque

1082 3296 1302 3355 eomm3
1343 3300 1397 3346 et
1429 3296 1710 3363 coeperunt
1733 3289 1932 3359 linguis

1083 3368 1272 3437 loqui,
1319 3366 1457 3423 sicut
1499 3364 1728 3436 Spiritus
1769 3360 1932 3417 dabat

1084 3441 1161 3495 eis
1209 3436 1582 3510 pronuntiare.
1639 3434 1783 3491 Audi
1829 3435 1932 3488 lin-
