2392 4050
537 200 568 254 5
594 201 759 256 Junii.
790 217 986 256 smum:
1004 211 1272 254 'cro-rimis
1295 213 1501 253 nnuma.

201 304 384 354 Macte
408 318 424 362 3

276 375 397 444 ipse
419 388 657 444 praesens

134 449 259 498 Fert
294 461 497 516 opem:
539 447 719 500 vinces
752 445 987 516 aliquan·

278 517 352 570 do
383 519 581 588 Regem
608 539 621 580 ;

132 593 195 644 Et
221 592 366 659 jugo
404 591 600 644 Christi
640 591 751 645 fera
790 592 981 654 corda,

278 661 443 715 subdi

131 736 319 788 Nescia
344 774 358 796 ,
388 734 599 789 suhdeS.
630 741 633 744 ’

202 811 386 860 Colum
423 807 517 876 qui
549 807 724 860 flectis
760 806 985 878 subigis-

282 895 391 948 que
412 895 599 949 regum
625 921 640 944 ,

130 956 175 1005 Ο
216 957 395 1015 DeuS‚
437 961 645 1007 nostras
680 951 782 1006 tibi
816 951 985 1006 subde

255 1033 491 1089 „mentes
516 1048 528 1076 ι

126 1099 208 1150 Sit
266 1098 362 1151 tibi
413 1099 588 1161 Patri,
645 1097 949 1166 Genitoque
967 1137 981 1159 ‚

276 1178 465 1225 sancto

125 1247 271 1296 Laus
300 1251 356 1297 et
384 1243 591 1298 Amori.
673 1246 866 1296 Amen.

198 1321 268 1386 73·-
314 1315 615 1369 Timebunt
644 1331 797 1383 reges
828 1322 983 1368 terrae

124 1389 361 1458 gloriam
375 1396 547 1450 tuam,
565 1388 823 1450 Domine;
836 1401 898 1456 Rs.
918 1390 985 1441 Et

124 1461 367 1532 populus
394 1462 488 1530 qui
507 1460 777 1514 creabitur
796 1460 981 1514 laude-

124 1535 209 1587 bit
234 1535 559 1588 Dominum.
596 1535 687 1586 Ps.
733 1552 850 1586 101.

198 1605 293 1658 Ad
313 1605 639 1675 Magnificat.
673 1607 801 1659 Ant.
834 1607 884 1658 8.
912 1607 974 1658 G.

124 1682 211 1731 Tu
292 1677 712 1732 honorificentia
791 1679 981 1749 populi

122 1751 327 1813 nostri;
373 1752 501 1821 quia
536 1752 707 1804 fecisti
742 1751 976 1813 viriliter,

122 1833 176 1877 et
196 1823 572 1878 confortatum
594 1832 671 1877 est
690 1831 976 1886 cortuum,

120 1897 362 1950 alleluia.
392 1897 579 1951 Judith
610 1899 691 1950 15.

198 1970 393 2025 Oratio
420 1982 474 2023 ut
500 1971 642 2041 infra'
668 1969 735 2022 acl
756 1969 973 2022 Laudes.

260 2044 357 2097 AD
399 2046 845 2097 NOCTURNUM.

192 2117 413 2168 Invitat.
455 2120 649 2185 Regem
675 2116 978 2169 seculorum

118 2190 521 2251 immortalem,
548 2190 573 2217 *
591 2190 805 2251 Venite,
848 2190 977 2244 ado-

118 2264 330 2324 remus),
362 2263 589 2316 alleluia.
629 2282 649 2314 1
686 2263 818 2316 Tim.
859 2282 902 2315 1.

196 2337 461 2406 Hymnus,
490 2334 671 2388 Thure
694 2335 897 2398 votivo,
926 2345 981 2386 at

118 2409 171 2458 in
199 2408 231 2459 Ι
259 2410 309 2460 V
310 2408 521 2476 asperis.

192 2481 401 2531 Psalmi
424 2481 511 2532 suo
532 2482 641 2532 sola
661 2480 789 2533 Ant.
814 2482 982 2535 Bene·

116 2552 267 2605 dicta
294 2568 369 2612 es,
395 2558 459 2623 γ,
484 2562 533 2605 e!
557 2564 717 2621 ηιιγῆι,
745 2552 802 2604 de
830 2552 977 2604 Com-

116 2625 265 2675 muni
288 2624 387 2678 SS.
419 2624 720 2686 Mulierum,
746 2626 891 2692 xlvij.

192 2700 390 2751 anno
412 2713 429 2748 1
450 2697 507 2750 de
522 2698 789 2767 Scriptura
814 2713 977 2749 occur·

114 2779 285 2825 rente,

500 303 768 372 spei-{itam
844 305 989 355 Deus

422 2846 611 2896 Lucrm
642 2862 699 2895 ιι.

118 2862 474 2977 Cronuus,
514 2915 801 2987 chilperici
838 2914 979 2981 regis

114 2988 237 3041 fllia
256 3027 270 3048 ,
369 2987 639 3041 arentibus
694 2990 722 3039 ὲ
780 2989 976 3057 potruo

114 3002 495 3113 Gundossaldo
522 3059 975 3129 Burgundionum

112 3148 247 3201 rege
294 3134 528 3193 necotiS,
570 3132 838 3186 clodoveo
882 3134 975 3187 ad·

110 3205 230 3257 huc
256 3202 495 3265 ethnice,
522 3203 587 3257 ab
613 3205 728 3275 ipso
758 3204 975 3258 Gundo-

110 3278 286 3332 baldo
324 3278 380 3329 in
433 3278 726 3347 conjugem
777 3277 971 3330 tradita

108 3360 212 3403 est.
244 3352 385 3414 Quae
404 3351 528 3403 cum
550 3351 975 3421 primogenitum

108 3424 445 3494 peperisset,
498 3439 622 3476 eum
642 3464 657 3486 ,
716 3425 975 3477 tolerante

108 3496 293 3567 magis
314 3497 479 3565 qutun
504 3496 837 3569 approbante
861 3497 975 3550 Clo·

1802 205 1908 273 569

1059 299 1230 352 doveo
1245 339 1259 361 ,
1287 296 1546 368 baptizeri
1560 299 1734 367 jussit.
1769 303 1906 354 Cum

1058 379 1240 424 autem
1273 370 1496 423 infantis
1517 410 1530 433 ,
1573 373 1661 424 cui
1698 387 1904 428 nomen

1057 445 1370 516 impositum
1427 443 1600 496 fuerat
1653 447 1904 514 Ingome-

1057 533 1158 580 res,
1182 518 1241 571 in
1260 515 1396 569 albis
1412 515 1650 588 defuncti
1671 528 1903 574 mortem

1057 591 1196 660 aegre
1244 589 1406 642 ferret
1459 588 1785 654 Clodoveu3‚
1845 605 1909 645 ac

1056 661 1326 733 baptismo
1367 662 1684 730 imputaret,
1734 667 1904 732 grae'wi⁴

1060 741 1141 787 ter
1203 733 1491 786 Clotildem
1555 733 1859 804 objurgavit
1885 778 1899 798 ,

1058 809 1291 861 {asserens
1308 806 1436 859 deos
1448 807 1668 878 poti-im,
1693 809 1764 860 ob
1785 825 1906 862 con-

1060 887 1319 950 temptum
1349 879 1590 932 miminis
1615 881 1696 932 sui
1720 881 1903 943 ἰτέιῑοε,

1055 951 1157 1006 sibi
1184 952 1360 1006 filium
1386 952 1657 1022 eripuisse.
1689 958 1757 1007 At
1781 955 1868 1008 illa
1890 978 1902 1005 ε

1057 1029 1202 1088 De0,
1251 1024 1463 1093 inquit,
1497 1027 1864 1097 omnipotenti
1889 1070 1903 1083 ,

1056 1098 1285 1150 creatori
1356 1097 1603 1150 omnium
1625 1139 1638 1160 ,
1710 1101 1906 1168 gratias

1056 1185 1187 1238 ag0,
1219 1169 1312 1238 qui
1339 1185 1426 1223 me
1455 1187 1568 1222 non
1600 1175 1902 1242 usquequo-

1056 1259 1159 1311 que
1201 1242 1466 1310 judicavit
1513 1242 1798 1312 indignam
1846 1253 1907 1297 ut

1056 1315 1122 1369 de
1141 1317 1295 1368 utero
1317 1331 1438 1368 meo
1464 1316 1708 1384 genitum
1737 1333 1904 1385 regno

1054 1404 1149 1441 suo
1184 1387 1499 1457 dignaretur
1535 1388 1716 1442 ascire.
1759 1391 1906 1444 Alte-

1054 1476 1175 1513 rum
1208 1458 1385 1514 silium
1419 1460 1622 1530 Regina
1646 1463 1770 1515 cum
1814 1479 1905 1532 ge-

1056 1533 1287 1595 nuisset,
1315 1533 1465 1586 hunc
1491 1550 1708 1603 quoque
1735 1533 1903 1606 bapti-

1055 1608 1160 1658 zeri
1194 1607 1393 1667 voluit3
1425 1612 1476 1659 et
1502 1609 1798 1677 appelletus
1829 1617 1906 1661 est

1055 1679 1422 1733 ClodomereS.
1451 1681 1558 1742 Qui
1584 1681 1710 1733 cum
1732 1697 1902 1748 aegro-

1054 1753 1167 1804 tere
1240 1751 1484 1822 coepisset
1512 1792 1526 1811 ‚
1604 1753 1903 1806 affirmante

1058 1827 1193 1892 Rege
1237 1823 1355 1876 fore
1392 1830 1455 1875 ut
1487 1823 1634 1878 idem
1669 1827 1717 1877 ei
1755 1828 1904 1893 quod

1055 1897 1206 1948 fratri
1276 1895 1648 1964 contingeret,
1719 1899 1903 1951 matris
1961 1893 1964 1898 ’

1050 1969 1304 2042 precibus
1353 1969 1638 2041 convaluit.

1325 2048 1511 2098 Lsc‘no
1537 2063 1616 2098 111.

1051 2077 1162 2168 Ar
1180 2116 1376 2185 Regina
1392 2135 1506 2171 non
1525 2118 1763 2172 cessabat
1781 2119 1899 2171 hor·

1052 2192 1151 2243 teri
1176 2190 1382 2252 virum,
1419 2200 1509 2253 ut,
1549 2190 1756 2259 abjecta
1779 2195 1898 2247 ido·

1050 2263 1274 2324 lolatrio,
1290 2266 1466 2331 Deum
1477 2280 1662 2316 verum
1677 2266 1893 2333 coleret.

1050 2335 1156 2389 Sed
1176 2335 1268 2387 ille
1289 2336 1650 2404 superstitioni
1665 2339 1898 2391 Franco-

1050 2421 1165 2459 rum
1194 2406 1446 2469 adhaesit,
1470 2406 1648 2460 donee
1672 2408 1728 2459 in
1751 2424 1899 2478 expe-

1050 2479 1257 2532 ditione
1282 2479 1635 2549 Alemannica
1674 2480 1896 2532 inclina-

1052 2561 1158 2605 tam
1194 2548 1418 2604 oernens
1449 2552 1666 2604 suorum
1701 2553 1894 2613 eciem,

1050 2626 1383 2677 monitorum
1401 2625 1648 2694 conjugis
1663 2641 1895 2686 memor,

1050 2698 1242 2750 auxilio
1267 2697 1463 2751 Christi
1481 2698 1767 2767 implorato
1782 2739 1795 2760 ‚
1829 2699 1896 2751 de

1048 2770 1291 2824 hostibus
1359 2770 1722 2842 triumph-avit.
1799 2773 1902 2824 Cui·

1048 2842 1191 2913 apud
1212 2847 1406 2897 Remos
1424 2844 1542 2897 loeta
1567 2860 1702 2897 uxor
1716 2860 1896 2897 occur-

1048 2930 1202 2977 rens,
1237 2914 1333 2968 ubi
1359 2916 1610 2970 ordinem
1635 2918 1712 2970 rei
1735 2926 1894 2985 gestae

1050 2990 1320 3055 cognovit,
1352 2990 1629 3043 advocz'wit
1647 2998 1895 3041 sanctum

1050 3058 1378 3129 Remigium,
1412 3062 1440 3113 ὲ
1469 3076 1575 3129 quo
1599 3060 1898 3114 clodoveus
2001 3096 2004 3105 -

1048 3130 1212 3185 fidem
1225 3133 1463 3194 edoctu5‚
1481 3132 1775 3202 baptizatus
1793 3141 1890 3197 est,

1046 3212 1098 3259 et
1129 3206 1414 3259 chrismate
1438 3220 1589 3257 sacro
1618 3206 1886 3259 inunctus,

1045 3282 1173 3331 Post
1204 3287 1432 3331 mortem
1469 3279 1748 3338 clodovei,
1784 3282 1893 3332 Tu-

1048 3352 1210 3404 ronos
1235 3351 1368 3405 odiit
1392 3350 1637 3405 clotildis
1665 3374 1677 3402 ε
1710 3352 1894 3421 ibique

1046 3424 1115 3477 ad
1139 3424 1450 3493 sepulcrum
1483 3425 1651 3477 sancti
1677 3426 1893 3477 Martini

1046 3498 1256 3550 summ-'l
1270 3498 1468 3568 pietote
1479 3497 1754 3566 reliquum
1772 3498 1892 3549 vitae
