2392 4050
810 193 1047 232 commen
1072 193 1336 231 vlnemun.

1842 181 1956 252 xiiij

168 274 277 329 hoe
298 273 532 336 donum,
566 275 675 330 adii
698 277 1028 340 Dominum,
1102 291 1229 329 sexu
1255 273 1436 344 fragili
1461 275 1737 333 victoriam
1756 287 1956 351 marty-

168 357 222 403 et
244 349 569 419 deprecatus
594 365 711 402 sum
740 349 916 404 iilum.

233 424 346 474 Pro
378 421 597 494 Virgine
622 434 670 476 et
696 425 754 476 Μ
759 435 941 497 artyre

330 497 561 548 Hnuws,
676 497 735 549 S.
774 498 840 550 V.

1104 350 1167 403 rii
1183 350 1459 402 contuiisti
1477 371 1489 400 ε
1514 352 1752 405 concede
1767 352 1957 425 propi-

1104 423 1226 484 tius,
1243 424 1416 492 utqui
1439 421 1608 476 beatae
1634 427 1701 478 N.
1728 425 1958 495 Virginis

1104 504 1155 550 et
1180 496 1424 566 Martyris
1455 504 1560 550 tuae
1586 498 1828 551 natalitia
1862 501 1954 552 οό-

171 527 345 646 an
370 583 576 620 sacram
598 609 611 629 ‚
640 570 799 639 Virgo
818 611 831 633 ‚
866 587 1028 640 gene·
1104 569 1282 629 iimuS‚
1301 585 1400 639 per
1417 571 1534 638 eJus
1553 570 1620 624 ad
1646 576 1698 625 te
1711 573 1955 643 exempla

314 641 440 692 rosa
465 643 685 712 Martyr,

166 711 441 768 Ambiunt
496 711 730 768 frontem
788 715 1031 787 duplices

319 786 581 840 coronas?

166 862 379 932 Nempe
425 876 539 912 non
590 877 764 914 unum
808 861 1029 932 gemino

315 939 561 1001 reportas

168 1009 333 1060 Hoste
360 1005 719 1078 triumphum.

236 1079 463 1133 Mollior
488 1078 646 1150 fregit
666 1093 844 1149 neque
864 1087 917 1134 te
936 1097 1027 1133 vo-

317 1153 528 1224 luptasz

164 1231 448 1296 Impotens
480 1225 623 1279 flexit
659 1241 837 1296 neque
872 1232 923 1280 te
946 1234 1029 1297 ty-

313 1315 551 1352 rannus:

166 1377 252 1427 Tu
270 1387 460 1442 graves
475 1389 691 1444 poenam
720 1373 1029 1444 pariterque

314 1444 552 1500 blandos

163 1519 351 1574 Vincis
370 1521 599 1572 amoreS.

234 1596 405 1647 Laus
469 1594 709 1664 Sponsus
770 1591 1021 1654 recubat,

316 1665 593 1734 rosisquez

167 1743 289 1803 Tu,
334 1747 431 1792 tuo
476 1753 684 1810 semper
730 1737 873 1792 bene
915 1737 1026 1794 fida

316 1814 561 1883 Sponso,

167 1889 233 1940 Et
286 1901 436 1940 rosas
482 1888 715 1956 Max-tyr,
768 1884 930 1938 simul
976 1894 1029 1938 et

317 1959 513 2015 dedisti

166 2033 306 2087 Lilia
327 2034 509 2102 Virg0.

240 2106 607 2161 Summa'laus
622 2104 765 2158 Patri
782 2143 797 2168 ‚
819 2104 1027 2175 genito-

319 2196 427 2249 que
452 2176 625 2232 Verbo
646 2202 659 2239 ς

172 2256 237 2307 Et
284 2252 391 2307 tibi
438 2268 693 2323 compar,
750 2248 1028 2321 utriusque

318 2328 531 2379 Nexusa

174 2403 279 2453 Fac
324 2398 426 2452 tibi
468 2414 681 2470 semper
722 2398 1029 2469 placeamus

317 2490 417 2525 um

170 2545 419 2600 Moribus
444 2544 623 2614 oequis.
672 2547 865 2597 Amen.

244 2624 309 2690 y.
368 2616 662 2673 Haereditas
710 2617 1027 2670 immacula-

171 2694 356 2747 torum
418 2692 477 2746 in
534 2699 796 2743 aeternum
857 2692 957 2743 erit
1012 2712 1025 2741 ε

174 2781 242 2834 13«.
311 2768 435 2819 Non
508 2764 915 2818 confundentur
972 2764 1029 2816 in

174 2842 424 2910 tempore
448 2838 608 2890 malo.
641 2840 733 2891 Ps.
766 2838 855 2889 56.

248 2912 339 2967 Ad
364 2911 703 2966 Benedictus,
730 2910 859 2963 Ant.
888 2910 938 2962 5.
967 2910 1024 2963 C.

174 2990 372 3039 Faetus
415 2990 496 3038 est
538 2984 809 3037 Dominus
848 2983 1031 3035 firma-

174 3068 422 3113 mentum
437 3072 620 3110 meum
638 3076 653 3118 3
670 3056 1028 3118 liberavitme‚

174 3132 301 3201 quia
315 3130 623 3201 complacui
644 3132 694 3183 ei
708 3152 720 3181 ε
734 3130 1032 3183 secundum

174 3203 505 3260 munditiam
519 3206 777 3258 manuum
787 3204 1033 3255 mearum

174 3280 365 3333 reddet
380 3276 533 3330 mihi.
554 3278 753 3345 (Allel.)
769 3279 929 3348 2Reg.
942 3292 1028 3329 22.

343 3353 593 3404 oremus·
678 3352 899 3404 Ona-no.
982 3369 1029 3402 1.

178 3385 375 3487 Dens,
395 3423 493 3493 qui
510 3423 651 3477 inter
665 3426 839 3477 cetera
852 3426 1035 3493 poten-

178 3499 263 3551 tiae
301 3504 411 3553 tuae
450 3496 743 3560 miracula,
782 3497 947 3552 etiam
980 3496 1035 3550 in

1098 643 1408 711 gradiamur
1425 661 1439 702 ;
1463 646 1565 696 Per
1582 645 1899 698 Dominum.

1260 717 1505 768 oremus,
1591 718 1812 770 Ounno.
1899 737 1948 772 2.

1102 748 1382 842 Oumro
1397 805 1426 839 'r
1439 807 1466 840 n
1479 805 1512 841 u
1529 805 1552 842 s
1631 791 1956 862 sempiterne

1100 864 1262 921 Deus,
1281 861 1438 931 cujus
1454 863 1681 916 munere
1699 863 1858 918 beata
1876 867 1944 918 N.

1100 934 1419 1003 virginitatis
1459 943 1512 988 et
1551 937 1794 1007 martyrii
1838 939 1952 1012 pal-

1098 1023 1245 1059 mam
1285 1008 1476 1077 adepta
1513 1015 1591 1062 est
1633 1031 1646 1060 ε
1689 1011 1758 1064 da
1794 1011 1956 1064 nobis

1100 1082 1217 1149 ejus
1241 1079 1512 1149 precihuS‚
1542 1083 1616 1135 ita
1635 1084 1877 1155 corporis
1891 1101 1954 1137 ac

1098 1154 1296 1208 mentis
1321 1156 1530 1208 servare
1552 1157 1864 1226 puritatem,
1893 1165 1954 1210 ut

1100 1244 1199 1280 nec
1219 1226 1498 1282 blanditiis
1513 1230 1706 1290 carni&
1725 1247 1828 1283 nec
1845 1247 1950 1285 ma·

1098 1303 1277 1354 lorum
1316 1299 1606 1356 acerbitate
1639 1303 1948 1362 vincamur:

1098 1377 1202 1428 Per
1225 1374 1544 1428 Dominum.

1256 1447 1318 1500 Si
1343 1465 1439 1499 non
1465 1448 1536 1500 sit
1559 1449 1794 1519 martyr,

1243 1523 1470 1573 Hnmns.
1556 1522 1618 1572 G.
1651 1523 1747 1590 Ep.
1779 1523 1836 1575 S.

1183 1609 1252 1644 on
1284 1609 1419 1644 vana
1447 1593 1705 1646 dilectum
1733 1610 1951 1666 gregem

1098 1669 1292 1719 Pavore
1315 1667 1512 1721 mundi
1537 1669 1734 1736 gaudia
1749 1708 1763 1729 ‚

1098 1741 1206 1792 Nec
1224 1755 1358 1809 pura
1380 1739 1536 1792 fallax
1562 1743 1783 1810 pectora

1098 1814 1282 1880 Imago
1310 1812 1437 1864 iusit
1459 1813 1642 1866 seculi.
1801 1875 1806 1880 ,

1166 1885 1273 1938 Sed
1296 1883 1415 1938 haec
1441 1887 1655 1937 tuarum
1681 1886 1899 1956 propria

1097 1960 1269 2021 Sunt,
1333 1957 1570 2021 Christe,
1629 1961 1946 2031 sponsarum

1240 2030 1416 2096 bona,

1098 2108 1176 2160 Te
1195 2122 1429 2177 semper,
1453 2115 1506 2160 et
1532 2111 1712 2159 tecum
1737 2107 1843 2161 tuis

1098 2183 1157 2233 In
1182 2186 1236 2233 te
1253 2179 1418 2251 potiri
1441 2180 1669 2248 gaudiis

1170 2257 1350 2305 Cusus
1369 2253 1598 2305 vicissim
1626 2261 1682 2305 tu
1703 2252 1804 2305 tibi

1100 2328 1158 2377 Iu
1186 2323 1442 2377 cordibus
1463 2324 1682 2378 thorum
1709 2324 1885 2386 struis,

1099 2400 1352 2466 Interque
1378 2398 1622 2450 flammas
1644 2395 1840 2451 intimo

1098 2475 1298 2525 Amans
1325 2470 1552 2539 quiescit
1579 2470 1634 2521 in
1660 2470 1798 2522 sinu.

1168 2544 1270 2597 Hic
1291 2558 1430 2596 unus
1447 2549 1526 2595 est
1545 2542 1752 2614 sponsis
1771 2558 1947 2605 amor,

1098 2618 1352 2685 Unusque
1377 2623 1557 2669 tecum
1585 2616 1826 2687 spiritus:

1099 2692 1336 2757 Beasque
1362 2692 1600 2761 Sponsus
1623 2689 1860 2760 singulas
1877 2728 1890 2749 ‚

1100 2767 1162 2816 In
1186 2772 1348 2833 teque
1371 2764 1748 2824 transformas,
1785 2766 1948 2817 Deus·

1172 2839 1248 2889 Te
1273 2837 1629 2907 deprecamur
1657 2838 1956 2908 supplices,

1100 2911 1303 2963 Nostris
1329 2916 1390 2963 ut
1415 2911 1578 2965 addas
1602 2910 1868 2971 sensibuS,

1100 2981 1312 3035 Nescire
1337 2998 1555 3051 prorsus
1578 2982 1766 3035 omnia

1104 3056 1476 3127 Coi-ruptionis
1497 3056 1736 3109 vulnera.

1173 3130 1254 3183 Sit
1278 3130 1392 3181 laus
1409 3128 1571 3189 Patri,
1597 3129 1710 3181 laus
1731 3124 1897 3184 Filio;

1104 3203 1184 3255 Sit
1209 3217 1306 3273 par
1329 3200 1430 3255 tibi
1455 3203 1570 3254 laus
1587 3241 1601 3263 ,
1625 3199 1880 3271 Spiritus,

1104 3274 1302 3329 Divina
1326 3275 1418 3344 qui
1445 3272 1779 3346 perennibus

1104 3350 1312 3403 Firmas
1337 3349 1522 3417 sigillis
1547 3347 1770 3403 foedera.

1177 3426 1372 3477 Amen.
1768 3488 1774 3495 .

1174 3500 1238 3567 γ.
1260 3493 1504 3549 Sitivitin
1523 3502 1578 3549 te
1599 3495 1780 3549 Anima
1797 3508 1918 3548 mea
1943 3513 1955 3542 ι
