2392 4050
388 147 561 200 lxxxiv

461 239 733 295 Auxilium
770 252 955 290 meum
982 240 1015 290 ὲ
1050 237 1242 290 Domi-

390 329 494 374 no,
520 313 545 342 ¹*
570 311 665 380 qui
688 310 818 364 fecit
843 310 1041 362 coelum
1065 317 1121 363 et
1134 317 1242 362 ter·

392 401 527 437 ram.

464 459 591 510 Non
610 455 701 508 (let
724 455 785 506 in
814 454 1242 508 commotionem

392 529 585 595 pedem
620 534 780 579 tuum
796 566 813 587 ‚
848 526 875 553 ¹*
902 541 1083 593 neque
1115 527 1244 580 dor-

390 599 545 653 mitet
570 599 665 667 qui
682 596 920 650 custodit
938 604 1007 650 te.

463 673 603 724 Eece
613 685 723 722 non
740 669 1057 723 dormitabit
1066 684 1244 736 neque

392 741 627 796 dormiet
641 782 657 803 ,
670 743 698 768 ¹*
709 742 807 810 qui
817 741 1051 794 custodit
1060 742 1238 793 Israel.

464 815 737 870 Dominus
764 812 1001 868 custodit
1030 821 1117 873 te3
1138 814 1246 866 Do-

392 885 577 939 minus
598 885 861 958 protectio
884 893 975 937 tua
993 925 1009 947 ‚
1037 886 1063 912 '¹
1085 899 1247 954 super

394 975 621 1011 manum
641 957 913 1011 dexteram
928 963 1095 1010 tuam.

466 1033 571 1086 Per
588 1030 729 1084 diem
750 1030 833 1082 ml
850 1045 965 1082 non
982 1037 1103 1082 uret
1120 1035 1199 1091 te,
1221 1029 1246 1056 ¹*

396 1118 577 1171 neque
598 1103 728 1155 luna
742 1118 843 1174 per
856 1108 1094 1154 noctem.

471 1175 741 1229 Dominus
794 1174 1031 1228 custodit
1078 1179 1133 1226 te
1180 1171 1246 1225 ab

399 1247 556 1299 omni
578 1247 722 1300 malo
753 1267 767 1296 ε
795 1247 821 1277 *
846 1245 1117 1299 custodiat
1138 1245 1249 1298 ani·

398 1335 545 1372 mam
570 1325 718 1369 tuam
736 1319 1025 1372 Dominus.

468 1390 740 1445 Dominus
763 1391 1027 1448 custodiat
1057 1388 1248 1442 introi-

398 1471 515 1514 tum
536 1469 693 1514 tuum
714 1470 768 1515 et
782 1462 983 1516 exitum
1010 1468 1163 1514 tuum
1179 1498 1194 1521 ,
1223 1461 1248 1486 ¹*

398 1551 465 1586 ex
486 1534 593 1587 hoc
614 1550 769 1587 nunc
784 1573 801 1596 ,
822 1541 879 1587 et
900 1550 1070 1602 usque
1094 1533 1153 1586 in
1176 1534 1250 1584 se-

402 1607 605 1659 culum.

468 1678 597 1730 Ant.
624 1677 675 1728 8.
701 1679 755 1732 d.
774 1677 1047 1732 Auxilium
1065 1693 1250 1729 meum

396 1751 426 1802 a
450 1750 691 1804 Domino
713 1788 728 1811 ,
756 1751 851 1817 qui
887 1749 1018 1802 fecit
1048 1749 1249 1802 coelum

398 1827 453 1875 et
474 1830 691 1876 terram.

629 1896 861 1947 Pssuus
892 1911 1011 1963 129.

396 1926 515 2016 Da
535 1964 825 2035 profundis
844 1965 1068 2017 clamavi
1086 1965 1156 2017 ad
1176 1973 1244 2026 te,

396 2038 632 2091 Domine
664 2060 677 2087 ε
704 2038 732 2064 ⁴*
755 2038 1020 2100 Domine,
1056 2037 1248 2091 exaudi

397 2124 583 2161 vocem
608 2124 804 2161 meam.

469 2180 628 2235 Fiant
650 2197 805 2235 aures
836 2188 943 2235 tuae
968 2179 1247 2233 intenden-

398 2259 476 2307 tes
502 2252 528 2281 ³*
564 2252 625 2307 in
647 2269 835 2307 vocem
860 2252 1251 2324 deprecationis

398 2341 553 2378 meae.
698 2359 713 2373 ·

472 2398 530 2450 Si
548 2396 855 2467 iniquitates
872 2395 1247 2457 observoveriS‚

400 2468 692 2529 Dominez*
716 2470 981 2534 Domine,
1009 2471 1130 2541 quis
1146 2486 1252 2523 sus-

400 2538 632 2595 tinebit?

474 2612 617 2674 Quia
664 2614 810 2681 apud
847 2620 900 2665 te
944 2612 1251 2683 propitiatio

402 2688 506 2741 est,
537 2682 562 2707 ¹*
593 2688 649 2733 et
670 2690 891 2751 propter
915 2684 1089 2751 legem
1106 2693 1252 2740 tuam

400 2750 629 2804 sustinui
652 2759 733 2813 te,
762 2753 1017 2810 Domine.

474 2821 736 2877 Sustinuit
786 2824 966 2877 anima
1018 2841 1141 2879 mea
1192 2828 1250 2879 iu

406 2890 566 2947 verbo
603 2894 748 2963 ejus;
776 2895 803 2923 *
825 2897 1054 2967 speravit
1072 2898 1252 2953 anima

402 2979 525 3021 mea
548 2966 607 3019 in
630 2968 885 3022 Domino,
1130 3018 1135 3024 .

475 3042 521 3092 A
540 3039 779 3093 custodia
796 3038 1063 3095 matutina
1087 3057 1254 3110 usque

405 3107 474 3161 ad
498 3116 715 3163 noctem
733 3152 748 3175 ,
769 3112 796 3138 ⁴*
820 3118 997 3183 speret
1019 3115 1177 3167 Israel
1198 3116 1252 3167 in

404 3181 663 3237 Domino·

480 3254 621 3317 Quia
646 3255 790 3325 apud
824 3254 1123 3311 Dominum
1148 3258 1251 3309 mi-

406 3322 719 3389 sericordia,
742 3327 768 3355 ⁴*
792 3333 846 3380 et
868 3328 1087 3400 eopiosa
1110 3331 1252 3401 apud

409 3409 530 3450 eum
555 3398 855 3470 redemptio
875 3422 890 3459 ;

954 157 1191 196 omcltfl
1215 156 1590 194 ”mertum

1379 239 1449 288 Et
1471 235 1588 306 ipse
1609 234 1844 288 redimet
1865 235 2027 287 Israel
2052 235 2078 262 ⁵
2099 251 2166 289 ex

1312 308 1570 361 omnibus
1590 306 1975 375 iniquitatibus
1994 308 2124 372 ejus,

1383 380 1513 432 Ant.
1553 381 1606 432 8.
1649 381 1716 431 G.
1756 379 1818 430 si
1859 379 2170 446 iniquitat&

1311 450 1694 510 observaveris,
1705 449 1978 511 Domine3
1991 451 2170 504 Domi-

1313 541 1404 587 ne,
1433 525 1556 593 quis
1571 521 1892 576 sustinebit?

1549 598 1780 649 Psms
1811 596 1936 663 157.

1391 683 1676 720 onnmon
1697 667 1826 728 tibi,
1843 667 2102 730 Domine,
2117 667 2174 720 in

1314 748 1428 793 toto
1460 742 1622 794 corde
1654 755 1780 791 meo
1801 781 1816 802 ‚
1849 739 1876 764 ¹*
1915 740 2174 807 quoniam

1317 812 1514 866 audisti
1527 810 1694 866 verba
1709 811 1822 868 oris
1845 813 1976 864 mei.

1385 887 1452 936 In
1494 891 1786 954 conspectu
1839 883 2172 952 Angelorum

1314 957 1538 1026 psallam
1575 956 1675 1009 tibi
1713 977 1728 1006 ε
1757 957 1784 982 ¹*
1823 955 2068 1008 adon-fibo
2109 956 2174 1010 ad

1315 1029 1578 1098 templum
1605 1035 1858 1082 sanetum
1885 1035 2076 1088 tuum;

1388 1104 1459 1154 Et
1477 1099 1784 1154 confitebor
1823 1101 2046 1153 nomini
2083 1108 2174 1154 tuo

1318 1187 1477 1298 591ἓέ-
1492 1173 1876 1298 ῑωὶεεξὶοόιέἰίξι
1903 1181 2001 1227 tua
2023 1179 2077 1226 et
2097 1188 2176 1257 ve-

1317 1263 1366 1297 n
1517 1261 1613 1304 aaz
1685 1261 1760 1313 qu
1799 1261 1954 1298 mam
1979 1260 2176 1313 magm-

1317 1317 1488 1370 ficasti
1535 1332 1700 1386 super
1737 1333 1936 1380 omne,
1981 1333 2176 1370 nomen

1321 1397 1565 1444 sanctum
1593 1397 1770 1442 tuum.

1391 1465 1458 1514 In
1479 1477 1824 1530 quacumque
1851 1461 1944 1514 die
1961 1461 2172 1514 invoca-

1320 1549 1444 1586 vero
1471 1541 1524 1586 te
1541 1569 1556 1595 ‚
1587 1533 1782 1586 exaudi
1804 1549 1898 1586 me
1919 1556 1935 1584 ε
1965 1535 1992 1562 “
2009 1534 2176 1586 multi·

1319 1605 1546 1676 plicabis
1567 1606 1628 1660 in
1653 1606 1836 1659 anima
1857 1621 1988 1658 mea
2015 1606 2172 1658 virtui-

1323 1683 1448 1732 tem.
1713 1687 1722 1694 ’

1393 1749 1767 1802 Confiteantur
1783 1748 1906 1812 tibi,
1919 1749 2172 1809 Domine,

1321 1839 1508 1877 omnes
1547 1838 1699 1890 reges
1747 1830 1908 1874 terrae
1927 1863 1944 1886 ‚
1985 1823 2012 1850 ¹*
2059 1823 2176 1891 quia

1323 1895 1609 1948 audierunt
1651 1895 1842 1948 omnia
1875 1893 2046 1948 verba
2075 1895 2176 1948 oris

1321 1968 1420 2020 tui.

1391 2043 1460 2093 Et
1479 2046 1698 2093 cantent
1714 2039 1774 2092 in
1790 2039 1892 2091 viis
1903 2040 2176 2101 Domini:

1323 2113 1578 2181 quoniam
1629 2126 1828 2180 magna
1881 2119 1967 2165 est
2016 2112 2178 2181 gloria

1322 2184 1546 2239 Dbmini
1568 2205 1581 2234 =

1396 2254 1670 2319 Quoniam
1719 2256 1964 2309 excelsus
2007 2256 2178 2309 Domi-

1322 2342 1451 2390 nuS,
1481 2335 1536 2381 et
1559 2326 1787 2380 humilia
1813 2327 2066 2397 respicit,
2085 2329 2112 2356 ³*
2134 2335 2180 2380 ot

1325 2402 1426 2453 alta
1453 2402 1482 2453 a
1510 2400 1676 2467 longe
1699 2400 2002 2468 cognoscit.

1394 2471 1453 2523 Si
1495 2470 1845 2524 ambulavero
1887 2472 1951 2523 in
2007 2470 2178 2525 medio

1325 2541 1706 2605 tribulationis,
1722 2542 2118 2597 vivificabisme
2133 2544 2178 2595 ε’

1325 2621 1378 2667 et
1425 2630 1586 2685 super
1641 2616 1777 2667 iram
1835 2616 2178 2669 inimicorum

1323 2688 1570 2739 meorum
1618 2687 1909 2741 extendisti
1959 2702 2177 2740 manum

1327 2766 1503 2821 tuam‚
1549 2766 1602 2811 et
1653 2760 1860 2813 salvum
1913 2774 2009 2813 me
2063 2759 2182 2814 fecit

1326 2830 1538 2885 dextera
1555 2838 1663 2883 tua.
1941 2838 1948 2843 “

1419 2902 1688 2957 Dominus
1756 2901 2026 2957 retribuet
2089 2918 2181 2975 pro

1324 2989 1446 3027 mex
1474 2974 1498 3005 ¹*
1518 2975 1786 3037 Domine,
1816 2975 2182 3029 misericordia

1324 3053 1416 3099 tua
1459 3046 1518 3097 in
1557 3046 1802 3099 soculum
1831 3068 1844 3097 ε
1875 3048 2046 3117 opera
2083 3048 2180 3099 mi-

1323 3133 1494 3169 nuum
1513 3119 1730 3171 tuorum
1757 3134 1830 3170 ne
1848 3118 2143 3188 despicias.

1393 3188 1523 3243 Ant.
1552 3206 1600 3242 2.
1627 3193 1696 3243 D.
1719 3192 1903 3260 Opera
1921 3192 2180 3245 manuum

1325 3262 1540 3344 tuarum
1553 3301 1570 3325 ,
1595 3262 1836 3317 Domine
1851 3299 1868 3324 ‚
1907 3277 1982 3316 ne
2009 3261 2178 3334 despi-

1324 3348 1452 3385 cias,

1396 3402 1485 3462 Ad
1513 3402 1842 3473 Magnificat.
1873 3404 2008 3459 Ant.
2055 3423 2098 3462 ι.
2131 3396 2172 3467 a..
