2392 4050
706 151 924 222 cim
942 171 1252 222 manuum
1274 173 1543 222 amnonis.

1876 161 1998 238 cxiij

222 263 1085 335 haecqmmpropeccatisnostfis
1156 279 1274 317 rem
1298 262 1534 320 habeant
1551 261 1833 316 materiam
1861 277 2008 318 men·

226 335 557 392 exsolvimus
571 376 586 398 ‚
627 343 691 388 ut
724 345 841 389 non
882 338 951 390 sit
988 352 1087 409 per
1155 335 1408 399 dicandi3
1457 336 1670 390 tantum
1714 337 1971 390 vecordes
1988 376 2004 400 ,

226 409 509 464 christum
526 411 709 462 Jesum
722 448 739 471 ‚
762 408 824 464 in
842 425 951 478 quo
970 425 1085 463 me·
1155 414 1217 461 ut
1237 414 1431 480 putent
1449 424 1503 463 se
1527 409 1836 462 sanctorum
1861 410 2004 478 loco-

224 484 436 542 remur,
470 481 532 534 in
558 495 669 550 quo
694 481 1045 538 satisfacimus
1064 521 1078 543 ,
1144 495 1278 533 -rum
1314 482 1427 534 sola
1465 481 1670 535 visione
1705 483 1736 534 a
1767 482 2003 554 peccatis

228 554 495 609 facientes
518 553 727 608 fructus
746 553 943 624 dignos
964 569 1084 625 poe-

224 626 503 688 nitentiae,
530 626 625 696 qui
650 643 715 680 ex
736 626 831 680 illo
852 627 961 680 vim
987 626 1084 679 ha-

224 698 369 752 hent
382 736 399 761 ,
437 695 505 751 ab
537 699 632 752 illo
661 697 961 753 offeruntur
985 701 1083 752 Pa-

228 771 305 824 tri
322 810 339 833 ‚
368 777 424 824 et
442 783 541 841 per
560 771 717 824 illum
741 777 1086 842 acceptantur

228 845 265 896 i
292 845 469 896 Patre.
498 841 744 896 Habeant
768 851 947 897 autem
971 859 1081 915 prae

230 914 407 970 oeulis
442 914 753 969 Sacerdotes
788 923 849 969 ut
878 914 1083 970 satisfa-

231 987 347 1042 ctio
364 999 528 1056 quam
547 987 859 1059 imponunt,
880 1004 995 1041 non
1016 989 1084 1042 sit

231 1060 446 1114 tantum
471 1058 539 1114 ad
574 1075 729 1112 novae
752 1061 873 1114 vitae
905 1061 1082 1115 custo-

232 1133 382 1187 diam
408 1138 463 1186 et
492 1130 818 1188 infirmitatis
846 1133 1081 1188 medica-

230 1211 481 1259 mentum
495 1242 511 1265 ,
546 1204 643 1261 sed.
666 1205 828 1260 etiam
856 1206 924 1258 ad
944 1221 1081 1278 prae-

230 1277 517 1332 teritorum
538 1277 886 1349 peccatorum
909 1277 1081 1332 vindi-

231 1355 377 1404 ctam
402 1354 457 1404 et
478 1349 900 1418 castigationem.

376 1439 580 1502 FERIA
614 1449 947 1503 SECUNDA.

230 1533 313 1588 Ex
346 1532 592 1586 Concilio
630 1531 972 1588 cabilonensi
1001 1549 1079 1588 se·

354 1605 556 1659 cundo·
582 1605 705 1658 815.
732 1618 840 1659 can.
866 1607 954 1659 56.

229 1639 486 1732 Pacci-n
525 1691 646 1746 quae
683 1691 746 1731 ex
784 1676 1075 1741 industria,

232 1757 325 1803 aut
370 1748 660 1820 cujuslibet
705 1747 944 1804 libidinis
992 1765 1079 1803 ex-

228 1821 442 1892 plendae
478 1825 633 1874 causa
647 1862 662 1885 ,
698 1821 905 1875 idcirco
940 1821 1081 1875 fiunt

230 1899 296 1946 ut
330 1893 679 1964 eleemosynis
711 1893 1074 1957 redimantur,

228 1967 575 2035 nequaquam
618 1965 693 2018 eis
722 1965 915 2019 redimi
954 1981 1078 2038 pos·

228 2045 384 2104 sunt3
412 2039 537 2107 quia
565 2038 660 2107 qui
688 2036 795 2092 hoc
816 2040 1077 2110 perpetra-

227 2118 387 2173 runt,
411 2111 663 2165 videntur
685 2112 862 2165 Deum
882 2113 1080 2165 merce-

229 2182 303 2237 de
326 2183 657 2245 conducere,
685 2190 745 2236 ut
768 2185 843 2237 eis
860 2184 1080 2257 impune

302 2256 453 2309 coare
476 2254 648 2309 liceat.
674 2258 789 2309 Non
810 2271 937 2325 ergo
958 2256 1079 2325 quis

227 2326 433 2382 idcirco
483 2328 707 2398 peccare
758 2327 918 2382 debet
940 2366 955 2390 ,
1021 2333 1082 2379 ut

228 2400 625 2471 eleemosynam
639 2398 819 2463 facian
844 2400 939 2455 sed
956 2398 1079 2454 ideo

228 2472 620 2543 eleemosynam
668 2471 845 2527 facere
887 2471 1075 2535 debet,

228 2544 359 2614 quia
378 2543 638 2615 peccavit.

392 2642 597 2695 FERIA
633 2642 909 2695 TERTIA.

224 2727 309 2781 Ex
344 2724 963 2781 Concilio.Gabilonensi
998 2742 1078 2780 se-

347 2796 545 2852 cundo.
574 2799 700 2853 815.
730 2817 841 2853 can.
874 2799 965 2863 45.

224 2826 309 2922 Α
329 2884 614 2929 comosum
629 2872 723 2940 qui
731 2873 961 2924 Romam
975 2872 1079 2922 Tu·

223 2956 491 2996 ronumve
508 2948 562 2996 et
580 2944 683 2995 alia
692 2942 944 3012 quaedam
962 2942 1081 2995 loca

221 3012 329 3067 sub
342 3021 604 3085 praetextu
612 3016 875 3069 orationis
892 3016 1078 3069 incon-

222 3086 365 3141 sulte
401 3089 687 3157 peragrant
702 3127 718 3150 ‚
774 3087 1077 3158 plurimum

224 3159 451 3213 erratur.
465 3161 605 3212 Sunt
616 3160 913 3231 qui'putant
919 3177 975 3214 se
984 3160 1079 3213 im-

222 3230 375 3302 pune
392 3238 485 3283 aut
498 3234 742 3303 peccare,
760 3240 851 3285 aut
861 3248 1075 3304 peccas-

222 3317 301 3364 se,
324 3303 455 3372 quia
476 3303 597 3357 haec
608 3305 725 3359 loca
746 3305 951 3359 oraturi
970 3303 1077 3358 fre·

224 3381 525 3444 quentant=
554 3384 677 3431 sunt
697 3378 961 3449 pauperes
984 3377 1079 3445 qui

222 3447 308 3503 vel
325 3446 453 3504 ideo
478 3448 537 3505 id
556 3448 765 3505 ficiunt
784 3490 801 3515 ‚
828 3456 889 3503 ut
903 3450 1077 3520 majo·-

1150 553 1387 625 purgari.
1409 554 1520 616 Qui
1533 556 1658 607 vero
1671 556 1890 624 peccata
1907 569 2001 608 sua

1152 625 1551 688 Sacerdotibus,
1563 626 1624 679 in
1635 641 1868 694 quorum
1879 635 2010 680 sunt
2084 643 2094 653 ·

1153 697 1459 759 parochiis,
1493 698 1724 751 confessi
1757 707 1915 762 sunt,
1953 706 2011 755 et

1152 768 1224 824 ab
1238 771 1302 823 iis
1309 769 1527 840 agendae
1539 771 1870 840 poenitcntiae
1884 787 2006 826 con-

1153 841 1334 896 silium
1356 844 1681 914 acceperunt
1697 881 1711 906 ,
1740 843 1788 896 si
1803 843 2000 898 oratio-

1151 914 1314 968 nibus
1343 915 1668 976 insistendo,
1709 915 1997 985 eleem6sy-

1152 1002 1250 1040 nas
1284 987 1562 1059 largiendo
1579 1027 1594 1050 ‚
1622 987 1786 1040 vitam
1811 1003 1996 1042 emen·
2021 1031 2023 1033 .

1151 1059 1358 1123 dando,
1385 1073 1563 1114 mores
1585 1059 1993 1130 componendo,

1154 1132 1534 1204 Apostolorum
1545 1131 1754 1195 limina,
1771 1133 1854 1186 vel
1873 1148 2000 1202 quo·

1150 1203 1406 1258 rumlibet
1429 1205 1747 1258 Sanctdrum
1763 1244 1779 1268 ,
1807 1203 1999 1260 invise-

1150 1293 1212 1330 re
1236 1276 1560 1339 desiderant3
1587 1276 1782 1330 horum
1809 1285 1887 1330 est
1905 1276 1997 1332 de-

1150 1350 1298 1478 votig
1322 1349 1501 1404 modis
1521 1348 1778 1404 omnibus
1793 1349 1996 1404 collau·

1150 1422 1260 1476 dan
1299 1437 1347 1476 a.

1300 1531 1505 1586 FERIA
1543 1531 1844 1596 QUARTA.

1209 1615 1288 1669 Ex
1313 1613 1558 1669 Concilio
1584 1615 1922 1671 Tridentino.

1188 1713 1344 1771 1565.
1389 1713 1532 1769 Sem.
1581 1714 1671 1766 2⁵.
1709 1714 1861 1766 Decr.
1901 1713 1962 1765 dc

1479 1781 1687 1856 Indulgc

1150 1815 1300 1911 Cui«
1323 1861 1553 1926 potestas
1571 1854 1886 1912 conferendi
1905 1856 1996 1908 111.

1149 1927 1450 1996 dulgentias
1467 1929 1498 1980 a
1519 1927 1728 1982 Christo
1744 1927 1994 1982 Ecclesiae

1150 2011 1400 2055 concessa
1415 2001 1500 2063 sit,
1515 2007 1673 2071 atque
1681 1997 1996 2071 hujusmodi
2071 2040 2076 2046 -

1147 2075 1409 2145 potestate
1432 2072 1691 2127 diviuitas
1711 2072 1816 2127 sibi
1832 2072 1994 2127 tradi-

1152 2149 1204 2199 ta
1217 2186 1233 2209 ‚
1261 2146 1642 2215 antiquissimis
1667 2147 1832 2200 etiam
1856 2152 1994 2199 tem-

1148 2218 1390 2289 poribus,
1407 2219 1498 2271 illa
1517 2230 1610 2271 usa
1621 2218 1803 2279 fuerin
1821 2232 1995 2270 sacro-

1149 2297 1332 2343 sancta
1355 2290 1606 2359 synodus
1631 2287 1995 2356 Indulgentia-

1146 2377 1270 2413 rum
1296 2376 1453 2415 usum
1477 2360 1766 2413 christiano
1789 2360 1995 2431 populo

1150 2434 1380 2487 maxime
1403 2433 1682 2487 salutarem
1700 2471 1714 2494 ‚
1743 2437 1796 2485 et
1819 2432 1994 2483 sacro-

1148 2522 1271 2559 rum
1295 2504 1664 2559 Conciliorum
1685 2504 1997 2557 auctoritate

1148 2578 1438 2651 probatum
1454 2616 1469 2639 ‚
1511 2578 1570 2630 in
1601 2576 1836 2631 Ecclesia
1872 2576 1997 2629 reti-

1149 2651 1391 2706 nendum
1416 2665 1526 2703 esse
1549 2648 1707 2703 docet
1727 2655 1783 2701 et
1805 2648 1996 2719 praeci-

1146 2725 1244 2795 pit.
1271 2726 1334 2777 In
1346 2723 1430 2776 his
1442 2730 1626 2777 tamen
1637 2720 2000 2776 concedendis
2019 2790 2022 2793 ἢ

1148 2796 1600 2859 moderationem,
1607 2795 1995 2864 juxtaveterem

1148 2876 1202 2922 et
1223 2867 1508 2940 probatam
1525 2869 1586 2922 in
1603 2868 1841 2922 Ecclesia
1860 2881 1994 2919 con-

1148 2940 1490 2995 suetudinem
1502 2980 1516 3001 ,
1547 2938 1794 2993 adhiberi
1813 2938 1965 3008 cupit
1985 2979 1999 3001 ‚

1149 3029 1220 3066 ne
1265 3012 1434 3065 nimia
1464 3011 1720 3065 facilitate
1755 3009 1996 3064 ecclesia-

1148 3085 1278 3139 stica
1289 3082 1582 3155 ,disciplina
1606 3084 1916 3145 enervetur3
1945 3088 1998 3135 et

1149 3158 1331 3210 statuit
1346 3170 1538 3228 pravos
1559 3162 1788 3225 quaestus
1804 3169 1999 3207 omnes

1145 3245 1246 3301 pro
1273 3229 1358 3281 his
1391 3228 1784 3296 consequendis
1801 3267 1816 3290 ,
1846 3226 1997 3281 unde

1146 3302 1379 3375 plurima
1397 3301 1454 3354 in
1479 3300 1768 3354 christiano
1789 3299 1994 3372 populo

1146 3373 1413 3429 abusuum
1437 3388 1592 3427 causa
1613 3373 1794 3436 fluxit,
1821 3368 1994 3425 omni-

1146 3464 1223 3503 no
1247 3445 1540 3505 abolendos
1563 3460 1693 3505 esse.
