2392 4050
911 226 1032 264 uns
1057 226 1136 265 stc
1142 226 1287 265 UNDA·

202 304 380 356 lebrari
430 305 594 355 soleat
612 341 629 368 ‚
671 303 739 355 ad
785 306 1070 374 exemplum

200 368 420 439 ejusdem
455 370 677 423 Davidis
695 375 792 441 qui
812 376 994 440 septies
1013 376 1070 422 in

199 437 278 487 die
327 436 538 487 laudem
576 436 783 487 dicebat
817 438 1066 506 Domino)

199 506 252 551 in
273 512 470 572 septem
491 504 652 554 Horas
671 502 1068 573 dividitur-‚quas

200 578 312 619 sunt
331 588 344 618 ε
363 572 593 630 Laudes,
615 573 688 619 sic
705 569 856 620 dictae
873 570 902 619 ὰ
927 570 1070 619 Psal-

202 638 291 684 mis
313 634 530 684 laudum
562 639 658 704 qui
689 634 787 685 hac
816 635 940 685 hora
959 636 1067 686 Deo

199 709 470 762 canuntur,
490 700 620 750 olim
631 704 918 761 Matutinoe,
931 702 1066 770 quod

203 783 339 816 mane
369 767 806 835 persolverentur,
839 768 1066 835 appella-

201 842 289 881 tae:
311 834 506 891 Prima,
527 851 644 902 quae
662 840 772 883 orto
791 831 918 882 sole:
945 836 1065 883 Ter*-

203 903 301 957 tia,
371 914 452 947 uae
493 901 630 949 inter
665 906 829 949 ortum
865 898 982 947 solis
1015 909 1064 949 et

203 967 318 1013 meri
361 968 463 1014 'em
486 982 497 1013 :
518 966 698 1025 Sea-ta,
759 982 834 1014 uae
856 963 1062 1015 meridie

203 1037 312 1079 ante
351 1029 630 1097 prandium
680 1049 693 1078 τ
785 1048 907 1090 ona,
949 1047 1061 1100 quae

203 1097 328 1145 inter
345 1094 618 1146 meridiem
649 1104 698 1145 et
719 1112 944 1145 occasum
976 1112 1061 1145 so-

203 1160 262 1209 lis
293 1180 302 1211 :
341 1163 612 1225 Vesper-w,
655 1178 774 1230 quae
805 1161 1058 1211 occidente

204 1227 296 1276 sole
313 1264 327 1289 ,
359 1230 472 1277 sive
501 1226 938 1295 advesperascente
955 1226 1056 1290 die,

206 1300 312 1343 ante
331 1309 533 1342 coenam
555 1311 566 1341 :
591 1294 959 1353 Complatorium
974 1292 1062 1343 ‹le-

203 1362 256 1407 ni
321 1376 371 1420 e,
388 1358 532 1429 quod
553 1356 800 1426 completo
817 1356 920 1421 die,
943 1368 1057 1409 ante

205 1440 230 1473 c
293 1428 424 1474 itum
449 1424 564 1475 Deo
593 1423 924 1492 persolvitur3
961 1428 1058 1475 sic-

207 1507 296 1558 que
346 1507 500 1541 omne
549 1489 785 1539 Officium
823 1506 1056 1541 consum·-

207 1566 377 1607 matur.

267 1623 340 1672 De
369 1622 454 1672 his
479 1632 594 1673 octo
627 1622 778 1673 Horis
797 1622 1054 1691 sigillatim

207 1688 464 1757 agendum.

493 1807 691 1846 CAPUT
716 1809 759 1846 1.

343 1902 421 1950 De
447 1900 614 1967 Officio
641 1902 908 1949 Nocturna.

265 2017 342 2082 76.
369 2014 456 2066 Ad
486 2012 722 2066 Officium
747 2014 920 2066 Noctis
947 2016 1055 2069 haec

207 2101 286 2150 per
303 2083 532 2134 ordinem
559 2083 850 2151 regulariter
873 2082 1055 2134 dicun-

207 2160 310 2212 tur,
343 2152 578 2199 Pater-„-
629 2154 816 2198 ΛΜΨ.
873 2151 1051 2210 Credo,

207 2216 382 2266 secreto
425 2234 438 2263 ε
482 2211 667 2264 deinde
684 2251 698 2276 ,
744 2218 849 2265 nisi
909 2213 1055 2265 aliter

201 2281 494 2350 quibusdam
517 2279 696 2330 diebus
715 2290 935 2343 notetur,
947 2283 1053 2330 Do-

203 2352 322 2398 mine
354 2350 508 2406 labia,
533 2353 630 2395 etc.
667 2348 806 2396 Deus
836 2350 892 2396 in
913 2349 981 2395 ad
991 2349 1054 2396 'u-

203 2415 400 2472 corium,
442 2420 540 2461 etc.
575 2429 634 2461 eo
669 2411 813 2462 modo
837 2415 928 2480 qui
975 2429 1052 2460 ia—

202 2476 338 2528 betur
373 2482 434 2528 in
477 2476 749 2527 Ordinatio
786 2479 1048 2528 Breviarii.

201 2541 344 2594 Dicto
379 2545 599 2593 Alleluia
615 2581 633 2602 ,
671 2542 753 2592 vel
790 2545 924 2592 Laus
961 2545 1054 2594 tibi

198 2610 419 2667 Domine,
453 2616 548 2658 etc.
575 2607 763 2660 dicitur
795 2607 1052 2659 Invitato-

197 2677 320 2724 rium
339 2678 679 2735 conveniens,
709 2691 823 2724 cum
857 2674 1051 2727 Psalmo

205 2740 392 2800 Venite,
413 2740 564 2790 modo
590 2740 723 2790 infra
744 2745 1049 2809 praescripto,

195 2819 244 2852 n.
277 2807 374 2856 118
413 2815 468 2856 et
503 2824 608 2877 seq.
653 2808 827 2856 Postea
863 2804 1051 2857 dicitur

197 2870 442 2936 Hymnus.

244 2953 324 3002 77.
339 2937 603 3004 Hymnum
620 2945 902 3008 sequuntur
918 2937 1051 2986 Psal-

193 3006 260 3052 mi
293 3014 348 3054 et
385 3005 649 3054 Lectiones
668 3041 684 3067 ,
723 3003 813 3054 sed
854 3003 1050 3054 diversa

189 3073 379 3120 ratione
395 3107 411 3132 ,
469 3087 524 3119 ro
544 3067 1045 3120 diversitate-Officii.

195 3133 320 3184 Nam
349 3139 410 3186 in
483 3139 748 3198 ominicis,
789 3139 846 3185 in
864 3134 1051 3202 Dupli-

191 3201 633 3252 cibus-minoribus
653 3209 704 3250 et
733 3199 906 3268 supra,
933 3203 1049 3267 (ex-

193 3275 264 3316 tra
275 3267 402 3318 Tem
475 3285 498 3318 s
523 3265 792 3333 Paschale)
810 3265 1049 3316 dicuntur

191 3349 368 3384 novem
402 3285 593 3383 &almi
614 3333 697 3385 vel
716 3331 780 3382 de
811 3333 1050 3398 Domini-

191 3415 275 3460 ca,
293 3401 378 3449 vel
410 3417 470 3467 pr
535 3403 630 3461 rii,
665 3398 749 3448 vel
775 3397 838 3448 de
869 3397 1044 3461 Feria3

195 3467 266 3528 (in
273 3465 483 3516 Solemn
504 3491 506 3494 >
539 3482 600 3514 us
609 3464 802 3514 scilicet
816 3473 866 3514 et
881 3464 1046 3532 supra,

193 3528 428 3582 «licuntur
461 3530 646 3582 Psalmi
693 3533 909 3600 proprii,
933 3530 1045 3594 vel,

1932 217 1993 269 ιδ

1141 309 1184 357 si
1204 305 1399 369 desint,
1429 312 1696 357 sumuntur
1718 306 1781 357 de
1809 306 1996 359 Domi·-

1138 375 1255 421 nica
1288 390 1301 421 τ
1335 375 1393 421 in
1426 372 1729 443 Duplicibus
1752 382 1804 424 et
1831 373 1992 435 infra,

1143 437 1330 487 Psalmi
1356 446 1474 488 sunt
1495 456 1685 507 semper
1706 439 1769 489 de
1791 440 1937 491 Feria
1952 443 1990 509 ;)

1137 520 1251 553 cum
1273 503 1483 554 totidem
1518 505 1827 573 Antiphonis
1842 542 1857 567 ,
1892 510 1993 557 tri-

1135 567 1230 619 bus
1254 570 1553 633 versiculis,
1586 586 1765 623 novem
1790 572 1990 625 Lectio-

1136 634 1289 685 nibus
1308 653 1365 685 ac
1388 636 1727 704 Responsoriis
1741 674 1755 699 ,
1786 654 1873 706 per
1892 646 1991 689 tres

1138 699 1180 749 N
1186 710 1418 751 octurnos
1434 701 1684 753 distinctis
1702 702 1799 753 hoc
1817 702 1987 755 modo:

1204 768 1285 831 78.
1314 768 1379 816 In
1412 766 1437 816 1
1471 768 1725 820 Nocturno
1751 767 1989 821 dicuntur

1135 838 1233 881 tres
1260 833 1471 893 Psalmi,
1502 852 1617 885 cum
1648 835 1807 885 tribus
1828 836 1986 887 Anti-

1132 896 1315 1011 phonis
1332 936 1345 961 ,
1380 899 1575 951 scilicet
1620 912 1733 969 post
1766 905 1847 951 sin
1934 920 1987 953 os

1175 966 1355 1015 salmos
1374 966 1667 1035 Antiphona
1685 984 1812 1029 una3
1880 971 1989 1019 nti-

1133 1029 1351 1098 phonam
1373 1036 1571 1081 tertiam
1604 1036 1835 1102 sequitur
1858 1034 1987 1083 Ver-

1131 1096 1337 1159 si'culus,
1366 1106 1477 1165 post
1501 1116 1651 1167 quem
1686 1098 1873 1149 dicitur
1902 1116 1985 1150 se-

1129 1163 1284 1223 creto,
1319 1165 1467 1212 Pater
1501 1174 1683 1223 noster,
1724 1180 1882 1232 usque
1919 1164 1983 1215 ad

1128 1228 1198 1274 Et
1218 1245 1279 1276 ne
1304 1244 1409 1287 nos,
1430 1235 1527 1277 etc.
1596 1228 1695 1277 uod
1714 1229 1846 1277 clarii
1867 1246 1985 1281 voce

1129 1294 1485 1358 pronuntiatur
1520 1312 1531 1341 :
1619 1293 1753 1343 idem
1794 1297 1851 1342 in
1872 1293 1985 1345 aliis

1135 1356 1823 1421 HorisobservaturinChorO,
1902 1376 1989 1411 an·

1128 1421 1194 1471 do
1205 1426 1262 1471 in
1279 1426 1399 1491 ipsis
1408 1421 1593 1473 dicitur
1622 1424 1795 1474 Oratio
1863 1430 1987 1476 omi-

1126 1489 1263 1555 nica)
1274 1492 1499 1562 sequitur
1509 1489 1790 1553 Absoluti0,
1802 1490 1985 1542 deinde

1128 1562 1227 1604 tres
1250 1555 1507 1605 Lectiones
1527 1574 1537 1605 ε
1559 1556 1841 1626 quamlibet
1857 1574 1985 1626 prae-

1125 1620 1261 1670 cedit
1276 1620 1568 1673 Benedictio
1581 1643 1595 1685 5
1618 1632 1669 1673 et
1748 1632 1795 1673 st
1814 1627 1893 1673 sin
1928 1641 1983 1675 u-

1126 1685 1197 1735 las
1225 1688 1498 1750 conclusas,
1524 1699 1580 1738 ut
1608 1688 1675 1741 ha
1712 1698 1823 1740 etur
1850 1693 1907 1739 in
1950 1690 1981 1741 a

1125 1768 1178 1801 n.
1206 1753 1329 1815 166,
1364 1754 1553 1803 dicitur
1570 1754 1975 1823 Responsorium,

1125 1816 1322 1870 diverso
1347 1818 1495 1870 modo
1515 1837 1604 1888 pro
1634 1821 1982 1872 solemnitati-

1123 1882 1237 1946 bus,
1277 1894 1338 1935 ut
1370 1893 1573 1935 notatur
1608 1886 1737 1936 infra
1755 1924 1772 1948 ,
1804 1903 1858 1935 n.
1886 1902 1979 1952 ¹7²

1125 1957 1176 1998 et
1214 1967 1317 2019 seq.
1361 1954 1621 2002 Lectiones
1651 1952 1981 2003 desumuntur

1125 2032 1186 2066 ex
1207 2034 1341 2068 sacra
1372 2016 1481 2068 Scri
1518 2030 1629 2070 tura
1658 2037 1771 2090 quae
1794 2036 1881 2087 per
1899 2036 1981 2070 or-

1123 2081 1295 2132 dinem
1325 2086 1382 2132 in
1418 2084 1463 2133 Ο
1518 2088 1596 2135 cio
1626 2084 1689 2135 de
1734 2085 1977 2154 Tempore

1123 2157 1417 2212 occurrunt,
1460 2154 1563 2200 nisi
1606 2151 1719 2200 aliae
1769 2155 1979 2219 propriae

1123 2212 1184 2263 de
1214 2214 1323 2264 Scri
1361 2223 1471 2265 tura
1491 2219 1821 2285 assignentur,
1842 2215 1978 2332 Ἓοά

1123 2279 1182 2329 fit
1213 2283 1269 2330 in
1350 2285 1467 2332 estis
1496 2282 1835 2332 Solemnibus.
1918 2300 1978 2334 e-

1122 2349 1374 2414 sponsoria
1409 2349 1528 2398 vero
1562 2347 1800 2399 dicuntur
1831 2356 1891 2398 ut
1920 2352 1977 2399 in

1126 2413 1332 2479 Proprio
1368 2411 1428 2463 de
1468 2413 1707 2481 Tempore
1722 2451 1737 2476 ‚
1780 2417 1822 2463 si
1852 2413 1978 2463 Offi-

1121 2481 1257 2526 cium
1289 2478 1379 2526 fiat
1396 2477 1458 2527 de
1480 2479 1601 2527 Tem
1670 2495 1751 2540 re;
1788 2481 1830 2527 si
1859 2481 1979 2530 vero

1122 2542 1184 2592 de
1218 2543 1419 2605 Sancto,
1444 2551 1499 2592 ut
1527 2547 1585 2592 in
1645 2545 1807 2610 roprio
1828 2542 1909 2600 vel
1922 2546 1978 2592 in

1123 2609 1389 2658 Communi
1424 2608 1751 2670 Sanctorum,
1792 2611 1977 2658 etiam-

1122 2678 1166 2724 si
1207 2675 1464 2726 Lectiones
1500 2673 1691 2725 fuerint
1727 2673 1789 2724 de
1831 2674 1977 2726 Tem-

1120 2757 1256 2808 pore.

1188 2822 1269 2872 79.
1298 2807 1361 2856 In
1382 2807 1437 2856 II
1465 2806 1719 2858 Nocturno
1738 2805 1976 2858 (licuntur

1119 2872 1213 2922 alii
1244 2881 1343 2924 tres
1374 2873 1589 2934 Psalmi,
1620 2891 1733 2923 cum
1762 2871 1973 2924 totidem

1121 2938 1461 3007 Antiphonis,
1502 2939 1787 2989 Vei-siculus
1824 2939 1973 3001 alius,

1121 3007 1267 3054 Pater
1281 3014 1441 3054 noster
1450 3026 1469 3067 ,-
1492 3005 1757 3055 Absolutio
1773 3025 1788 3068 ,
1811 3013 1861 3054 et
1878 3005 1975 3054 Be·-
2052 3013 2057 3018 '

1119 3068 1429 3120 nedictiones
1446 3069 1507 3120 de
1529 3070 1799 3121 Dominica
1814 3074 1871 3120 in
1888 3069 1975 3120 Of-

1119 3135 1234 3184 ficio
1263 3135 1325 3185 de
1360 3135 1629 3204 Tempore,
1655 3147 1705 3186 et
1738 3140 1793 3185 in
1816 3137 1975 3187 Festis

1119 3199 1359 3263 Domini3
1412 3200 1475 3250 de
1525 3201 1671 3252 beata
1728 3202 1935 3270 Virgine
1957 3239 1971 3262 ,

1117 3266 1318 3347 quando
1338 3266 1400 3316 de
1430 3284 1487 3316 ea
1517 3267 1578 3316 fit
1616 3267 1877 3328 Officium3
1912 3265 1974 3316 de

1121 3335 1318 3382 banctis
1339 3333 1455 3382 vero
1475 3337 1533 3382 in
1552 3337 1693 3383 omni
1714 3332 1891 3382 Officio
1910 3331 1973 3380 de

1119 3398 1317 3447 Sanctis
1348 3407 1399 3447 et
1417 3397 1479 3447 de
1504 3399 1743 3466 Angelis:
1774 3399 1973 3446 Lectio—

1117 3480 1207 3513 nes
1226 3463 1289 3513 de
1310 3462 1482 3531 aliquo
1500 3464 1737 3513 Sermone
1756 3460 1975 3509 autTra-

1118 3536 1257 3580 ctatu
1292 3529 1509 3598 alicujus
1548 3529 1751 3587 Sancti,
1787 3533 1875 3574 aut
1911 3523 1973 3574 de
