2392 4050
595 157 833 198 columma
858 161 1089 198 nuncu
1113 162 1173 198 ΕΤ
1198 159 1561 199 ΠΟΝΔΟΗΟΒΒΠὸ

178 239 297 302 νίας
321 240 346 268 ¹*
372 237 447 294 ita
468 246 533 294 ut
548 240 699 294 stulti
719 258 833 296 non
858 250 1041 297 errent

178 330 276 384 per
300 329 439 368 eam.

248 389 373 441 Non
404 386 505 440 erit
528 385 607 440 ibi
649 387 767 450 leo,
808 395 863 441 et
897 390 1039 442 mala

175 459 348 514 bestia
360 475 476 514 non
490 461 741 516 ascendet
752 477 851 534 per
866 477 983 518 eam
992 464 1039 526 ,*

174 549 277 588 nec
298 534 606 588 invenietur
622 531 719 588 ibi.

244 609 317 661 Et
330 607 697 662 ambulabunt
716 606 810 676 qui
826 605 1039 664 liberati

176 681 410 741 [πίει-ἰοῖς
438 680 466 709 ¹*
504 688 557 734 et
584 681 853 752 redempti
881 684 911 736 a
936 684 1039 738 D⁶-

173 754 326 807 mino
357 761 758 809 convertentur.

246 829 315 880 Et
355 828 575 884 venient
626 829 683 882 in
733 827 866 882 Sion
912 844 1033 882 cum

174 899 361 961 laudez
383 901 410 930 ¹*
434 908 490 954 et
508 899 691 954 laetltia
712 903 1039 972 sempiterna

173 989 335 1044 super
359 976 538 1045 capita
562 977 771 1028 eorum.

245 1048 525 1102 Gaudium
559 1053 613 1101 ct
636 1046 876 1102 laetitiam
902 1047 1037 1104 obti-

170 1119 421 1182 nebunt3
450 1122 477 1150 ¹*
502 1129 558 1176 et
588 1121 759 1192 fugiet
792 1120 950 1176 dolor
984 1130 1039 1176 et

167 1195 418 1263 gemitus.

240 1269 379 1322 Ant.
420 1269 475 1332 4.
524 1285 572 1322 a.
623 1267 761 1322 Mihi
795 1267 1038 1322 mundus

171 1341 467 1394 crucifixus
491 1349 589 1404 est,
614 1349 668 1396 et
681 1357 780 1411 ego
801 1343 1031 1405 mundO,

168 1413 404 1468 alleluia.
444 1416 621 1468 Galat.
657 1418 707 1468 6.

242 1488 375 1541 Ant.
418 1490 470 1541 8.
506 1490 569 1542 G.
606 1493 669 1544 In
695 1503 827 1542 voce
866 1488 1039 1542 laudis

168 1558 478 1614 immolabo
504 1559 609 1615 tibi
632 1583 647 1612 ε
678 1577 1037 1630 quaecumque

167 1635 327 1697 vovi,
355 1633 581 1688 reddam
604 1650 706 1707 pro
734 1635 907 1688 salute
929 1637 1034 1690 D6·

166 1708 323 1762 mino
344 1749 359 1770 ‚
390 1708 622 1762 alleluia.
655 1710 804 1761 Jonae
831 1727 883 1762 2.

286 1784 603 1835 Cam-runnu.
686 1781 814 1836 lsai.
846 1784 933 1836 51.

166 1811 603 1908 Cousommrun
641 1856 911 1910 Dominus
952 1855 1033 1908 Si·

164 1943 237 1980 on
260 1966 279 1989 ‚
324 1934 381 1980 et
434 1927 807 1981 consolabitur
842 1945 1036 1982 omnes

164 1998 355 2054 ruinas
382 2001 502 2070 ejus
534 2023 547 2053 ε
577 2009 631 2055 et
665 2007 833 2074 ponet
864 2001 1035 2057 deser-

163 2080 287 2127 tum
332 2076 455 2144 ejus
493 2076 643 2144 quasi
690 2075 933 2138 delicia,
984 2084 1034 2129 et

160 2148 522 2204 solitudinem
571 2151 691 2218 ejus
723 2149 875 2219 quasi
915 2150 1034 2203 hor·

166 2228 287 2275 tum
351 2222 591 2277 Domini.
656 2224 929 2278 Gaudium
982 2230 1038 2277 et

164 2292 361 2347 laetitia
386 2294 691 2349 invenietur
716 2296 774 2349 in
798 2312 860 2349 ea
878 2336 890 2359 ‚
921 2312 1037 2365 gra-

164 2367 375 2421 tiarum
396 2369 537 2422 actio
552 2408 567 2431 ‚
592 2376 645 2422 et
664 2385 765 2422 vox
789 2369 981 2425 laudis.

242 2462 363 2502 ruo
394 2464 637 2514 annue,
665 2464 963 2515 nonnemo,

400 2524 473 2561 m·
498 2523 820 2563 emmonim.
1016 2534 1021 2543 ·

328 2588 562 2640 liunus.
712 2588 769 2642 S.
806 2588 872 2641 V.

163 2620 251 2719 Ο
286 2674 509 2713 »uncus
554 2659 723 2715 acies.
758 2662 1036 2729 castraque

323 2731 516 2795 fortia,

166 2812 312 2873 Quae
347 2820 499 2875 spes,
548 2821 657 2858 una
694 2804 859 2867 fides,
896 2821 1038 2859 unus

322 2896 477 2932 amor
500 2879 665 2947 regit!

162 2956 384 3007 Omnes
409 2954 529 3021 lege
548 2949 649 3004 sub
676 2968 785 3005 una
803 2991 818 3014 ‚

160 3030 293 3080 Uno
325 3024 427 3079 sub
454 3027 595 3082 duce
622 3023 873 3079 militant.

242 3104 363 3155 Heu
387 3106 399 3152 Ξ
424 3099 643 3169 quantis
660 3098 883 3171 rapiunt
900 3104 1036 3151 astra

322 3171 635 3227 laboribus!

164 3246 402 3302 Pulsant
442 3245 717 3318 perpetuis
758 3242 1037 3314 questibus

322 3318 555 3377 aetheraz
1036 3328 1039 3333 ·

166 3394 277 3446 Per
294 3391 509 3460 jejunia
536 3391 702 3460 longa

166 3465 321 3520 Vires
344 3466 588 3538 corporis
614 3466 869 3521 atterunt.

1848 149 1966 217 xxxj

1179 244 1340 302 voris
1359 242 1660 306 unanimes,
1677 241 1732 296 vi
1749 259 1972 314 quoque

1254 315 1484 370 fletuum

1107 391 1316 443 Instant
1329 429 1343 449 ,
1366 396 1420 442 et
1439 389 1610 444 socias
1629 389 1971 459 ingeminant

1254 477 1440 533 preces
1456 503 1471 525 ‚

1108 537 1175 587 Et
1203 534 1568 589 concordibus
1595 536 1758 590 armis

1110 608 1231 661 Vim
1255 609 1394 660 coelo
1422 608 1584 662 simul
1613 608 1872 664 inferunt.
1951 629 1958 635 ·

1180 685 1310 736 Haec
1323 681 1400 733 vis
1413 689 1562 750 grata
1576 687 1714 744 Deo;
1735 685 1812 738 sic
1825 692 1971 738 amat

1254 753 1493 825 optimus

1109 827 1261 880 Vinci
1293 843 1390 897 per
1424 828 1712 898 lacryma,
1751 845 1849 901 per
1886 845 1968 899 gc-

1254 901 1419 954 mitus
1439 941 1452 963 ‚
1487 903 1667 961 Patera

1108 972 1196 1026 Sic
1225 974 1373 1028 duris
1391 971 1656 1028 reseratur

1110 1047 1322 1100 Coelum
1354 1047 1780 1103 conditionibus·

1179 1125 1412 1174 Flmvmu·
1431 1123 1653 1190 quando
1673 1124 1760 1178 die
1774 1131 1970 1180 cuncta

1254 1195 1602 1256 tumultibus»,

1108 1267 1292 1321 Altum
1312 1267 1473 1321 turba
1484 1268 1622 1328 silet;
1639 1271 1816 1324 cetera
1835 1271 1968 1326 dum

1253 1348 1460 1401 tacent,

1106 1415 1173 1468 Ili
1196 1428 1297 1484 per
1321 1413 1530 1467 cantica
1552 1425 1821 1485 rumpunt

1106 1487 1296 1540 Noctis
1315 1488 1478 1556 longa
1503 1487 1728 1542 silentia.

1178 1565 1406 1688 Exerkcet
1443 1562 1628 1631 vigiles
1673 1563 1967 1617 continuus

1253 1635 1302 1687 la
1345 1651 1438 1693 01·;

1105 1707 1442 1761 Incumbunt
1460 1708 1612 1777 operi
1633 1725 1746 1764 non
1765 1708 1964 1764 resides

1253 1795 1474 1838 manusz

1108 1853 1289 1907 Tellus
1315 1854 1457 1908 culta
1485 1853 1694 1906 colonis

1104 1928 1314 1983 Victum
1341 1925 1650 1996 suppeditat
1673 1927 1798 1980 suis.

1181 2005 1320 2067 Qum
1344 2001 1532 2070 regina
1549 2002 1630 2055 sui
1651 2017 1808 2057 mens
1827 2015 1963 2070 quo-

1252 2091 1356 2144 que
1384 2075 1654 2135 subditur,

1105 2150 1452 2217 Rectorisque
1509 2150 1688 2204 studet
1741 2147 1966 2207 mitibus

1248 2218 1505 2289 obsequh

1104 2294 1189 2347 Nil
1209 2300 1380 2347 servat
1403 2294 1502 2345 sibi
1524 2293 1693 2361 juriS,

1107 2371 1278 2438 Capto
1305 2362 1528 2419 liberior
1548 2367 1702 2433 Jug0.

1174 2442 1422 2493 AEternus
1441 2438 1510 2491 sit
1523 2437 1700 2491 honos
1720 2438 1966 2507 ingenito

1254 2511 1432 2570 Patri;

1107 2585 1187 2639 Sit
1202 2600 1303 2656 par
1323 2583 1572 2652 unigenae
1591 2584 1764 2652 gloria
1790 2582 1928 2639 Filio
1947 2606 1960 2635 ε

1106 2658 1257 2711 Sacri
1281 2674 1450 2711 nexus
1471 2658 1697 2720 amoris,

1104 2736 1244 2787 Laus
1267 2747 1494 2802 compar
1515 2730 1616 2785 tibi
1630 2772 1645 2794 ‚
1675 2729 1921 2803 Spiritus.

1254 2807 1447 2859 Amen.

1128 2960 1193 2997 Au
1198 2959 1306 2997 Acu
1312 2959 1383 2995 on
1388 2960 1456 2995 m·
1461 2898 1516 2995 ΑΡ
1523 2897 1600 2997 ,ἐξ
1629 2957 1696 2997 80
1703 2958 1883 2997 ΒΙΤΑΒΙ
1887 2958 1942 2997 0.

1263 3025 1494 3074 nimus.
1648 3022 1705 3074 S.
1744 3022 1812 3075 V.

1108 3053 1279 3171 Qum
1298 3103 1356 3147 tu
1373 3135 1387 3156 ,
1414 3092 1612 3147 relictis
1629 3092 1857 3147 urbibus
1873 3132 1888 3156 ,

1106 3169 1416 3221 Mortalium
1440 3168 1712 3221 consortia

1107 3242 1330 3295 Timens
1353 3241 1530 3309 fugis?
1552 3240 1686 3309 quid
1703 3246 1761 3292 tu
1781 3239 1961 3294 vides?

1104 3317 1368 3383 Solusque
1393 3322 1578 3367 tecum
1603 3314 1838 3381 edgitas?

1176 3389 1372 3441 Mentis
1391 3386 1574 3439 volatu
1594 3384 1764 3439 libero
1777 3424 1794 3447 ,

1102 3462 1382 3517 Percurris
1413 3466 1640 3515 aeternas
1670 3460 1886 3515 domos;
