2392 4050
645 161 867 200 CARONBS
892 163 1049 201 mma
1072 162 1310 202 ocravm
1335 162 1664 203 Ascnwsloms.

1868 165 1991 202 cxxv
2000 148 2038 216 ij

252 241 659 305 contradicere,
704 259 869 314 seque
911 261 1113 298 unum·
1183 246 1486 302 cionatores
1500 247 1854 302 adhortentur
1864 243 2040 317 popu-

336 333 532 386 emque
593 313 660 368 ab
722 333 787 372 eo
857 317 1107 372 alienare.
1185 319 1333 383 lum,
1380 329 1442 374 ut
1475 320 1730 392 parvulos
1760 326 1917 372 natos
1953 320 2036 372 in-

310 406 443 461 pera
464 390 512 459 ej
520 404 583 442 us
604 397 746 452 sunt,
768 389 1005 462 primum
1033 408 1113 444 su-

251 461 479 536 perbia,
516 460 735 516 initium
772 463 969 518 omnis·
988 479 1113 536 pec-

251 533 399 597 cati,
439 544 493 590 et
528 538 703 589 cetera
734 535 861 589 vitia
898 553 1025 608 quae,
1052 553 1117 590 ex

250 604 443 663 radice
491 607 767 680 prodeunt
828 610 1108 680 superbiae.

250 683 470 752 Pompa
500 679 707 736 diaboli
732 681 851 735 haec
882 690 962 736 est
992 699 1113 753 quae

248 769 465 826 pompa
501 754 725 818 mundi,
767 755 825 810 id
861 763 969 818 est,
1001 773 1115 810 am-

249 825 397 882 bitio
416 867 431 889 ‚
460 829 793 898 arrogantia,
832 845 969 884 vana
1000 830 1115 899 glo-

251 900 342 953 ria
359 941 375 963 ,
403 901 581 954 omnis
608 901 898 970 cujuislibet
927 902 1005 956 rei
1028 919 1115 956 su-

251 973 537 1046 perfloitas
558 975 617 1040 in
634 974 889 1029 humanis
906 975 1110 1030 usibus.

254 1049 392 1101 Haec
417 1053 471 1099 et
500 1045 583 1100 his
610 1046 806 1102 similia
831 1048 1115 1118 unusquis-

254 1135 369 1188 que
386 1118 559 1172 fidelis
577 1123 820 1190 tempore
829 1121 1116 1193 Baptisma-

254 1193 333 1246 tis
370 1192 586 1260 rejecit,
626 1193 837 1247 Christo
872 1211 927 1248 se
962 1211 1115 1248 man-

250 1265 477 1336 cipavit,
501 1274 829 1336 pactumque
850 1283 975 1320 cum
998 1272 1115 1322 Deo

256 1337 425 1402 fecit,
455 1354 525 1391 ne
556 1338 626 1394 ad
654 1357 720 1394 ea
744 1339 941 1410 quibus
964 1340 1115 1395 abre·

256 1411 534 1466 nuntiavit
570 1412 787 1468 rediret.
828 1415 1025 1468 Verum
1072 1412 1117 1466 si

250 1485 387 1554 jura
426 1483 679 1539 humanae
720 1487 986 1558 pactionis
1022 1485 1113 1540 fir-

255 1558 427 1612 miter
442 1566 843 1622 conservantur,
869 1559 1027 1614 sixius
1044 1565 1116 1612 ta-

260 1647 392 1685 men
448 1639 609 1700 atque
656 1632 949 1688 ferventius
990 1635 1119 1702 jura

259 1704 409 1759 tanti
426 1705 572 1774 pacti
596 1721 717 1775 quae
742 1722 871 1760 cum
895 1709 1013 1760 Deo
1038 1706 1114 1759 fa-

258 1785 353 1834 cta
382 1784 509 1830 sunt
523 1819 538 1841 ,
572 1778 957 1834 inviolabiliter
992 1787 1120 1832 sunt

260 1848 615 1906 observanda.

447 1925 653 1980 FERIA
686 1926 932 1980 SEXTA.
995 1981 1005 1989 ,

262 1997 347 2052 Ex
391 1998 622 2068 utroque
668 1998 916 2053 Concilio
960 1997 1118 2053 Colo-

334 2070 513 2124 niensi
542 2071 643 2126 sub
670 2072 696 2100 ¹*
724 2076 1035 2126 Hermanno
1066 2078 1121 2126 et

338 2142 395 2173 '⁴‘
416 2143 689 2216 Adolpho,
720 2152 775 2199 et
798 2146 1015 2215 Regulis
1038 2162 1117 2197 sa-

336 2216 761 2273 cramentalibus
796 2219 971 2273 sancti
1020 2220 1117 2271 Ga-

334 2289 458 2343 mli.
489 2288 568 2320 *³⁸*
1018 2290 1021 2295 '

261 2358 465 2415 *1556.
489 2364 640 2418 Part.
664 2383 713 2434 7..
740 2382 784 2419 ο.
814 2366 867 2418 5.
885 2363 938 2393 *³*
958 2364 1114 2433 1549.

334 2435 477 2510 vinter
496 2455 688 2491 censer.
718 2447 766 2491 et
790 2437 921 2491 decr.
951 2456 993 2490 c.
1033 2439 1115 2501 14.

338 2506 419 2538 “”
444 2508 565 2563 Act.
599 2505 819 2564 Mediol.-
847 2530 900 2581 ρ.
937 2511 991 2575 4.
1030 2510 1114 2565 tit.

379 2580 439 2634 de
460 2584 615 2653 Bapt.
648 2592 749 2635 art.
782 2584 873 2637 uta
1042 2572 1063 2589 ’

264 2612 637 2709 Daunum·
672 2654 905 2709 Parochi
944 2658 1119 2727 popu-

265 2724 419 2788 lum,
458 2742 559 2781 cur
592 2728 841 2783 inunctio
876 2728 971 2782 fiat
1003 2735 1126 2801 post

265 2799 530 2869 Baptismi
565 2802 883 2856 unctionem
923 2801 983 2855 in
1009 2804 1121 2855 ver-

268 2870 406 2931 tices
436 2872 671 2944 denique
702 2875 837 2944 quid
860 2873 1127 2944 significet

272 2944 501 2998 amictus
550 2945 703 3000 albus
750 2963 860 3017 quo
902 2946 1119 3015 infans,

268 3032 363 3071 seu
398 3018 533 3073 alius
559 3018 857 3091 baptizatus
882 3020 1124 3090 superin-

269 3090 520 3145 duitur...
566 3094 634 3146 Et
674 3100 735 3147 ut
770 3093 1039 3147 orationes
1074 3101 1127 3147 et

270 3165 608 3220 caeremoniae
662 3166 925 3221 solemnes
943 3208 958 3229 ‚
1008 3182 1125 3237 quae

270 3238 521 3307 tempore
561 3238 804 3293 Paschali
848 3247 901 3293 et
935 3242 1127 3305 Pente-

272 3317 445 3363 costes
475 3312 748 3382 Baptismo
778 3311 1125 3377 adhibentur,

272 3380 513 3437 habeant:
531 3400 613 3438 res
632 3386 707 3439 eis
723 3385 1125 3456 respondentes3

270 3456 561 3511 statuimus
584 3467 645 3513 ut
668 3458 907 3532 pastores
932 3464 985 3512 et
1008 3475 1130 3513 con-

1182 400 1356 447 stante
1386 393 1523 448 festo
1555 392 1768 447 Paschae
1788 433 1803 455 ,
1829 399 2042 446 servent

1183 465 1534 536 baptizandos
1569 467 1628 520 in
1665 465 1904 535 vigiliam
1939 467 2042 520 Pa-

1185 541 1362 602 schae,
1406 547 1461 594 et
1493 547 1650 592 natos
1687 539 1822 592 festo
1852 540 2039 592 Pente-

1186 619 1358 666 costes
1404 613 1636 667 instante
1657 651 1672 673 ‚
1730 611 1798 669 ad
1845 611 2040 666 festum

1184 689 1523 739 Pentecostes
1546 699 1718 754 usque
1736 692 1974 746 servent,
2001 686 2046 738 si

1185 765 1368 813 tamen
1387 758 1602 812 nullum
1621 756 1908 811 immineat
1925 758 2043 811 vitae

1182 831 1631 904 periculum......
1674 834 1742 884 Et
1783 830 2044 899 quoniam

1188 905 1375 962 dilatio
1399 903 1666 975 Baptismi-
1693 904 1880 958 adulto
1910 905 2041 956 con-

1185 979 1361 1041 venit,
1395 978 1596 1051 poterit
1621 977 1941 1048 plerumque
1975 976 2044 1030 ad

1186 1053 1453 1120 majorem
1473 1049 1808 1105 Sacramenti
1834 1049 2042 1105 culttmi

1186 1141 1362 1178 unum
1407 1137 1472 1178 ex
1517 1124 1666 1178 statis
1709 1122 2046 1194 temporibus

1186 1196 1459 1252 paschatis
1490 1205 1543 1251 et
1573 1200 1916 1250 pentecostes
1947 1196 2044 1254 (si-

1188 1271 1416 1339 militer)
1447 1269 1731 1341 expectari.

1188 1379 1384 1406 ⁶⁴44040⁴
1845 1375 2042 1404 90400004

1392 1375 1838 1404 *eeoceeooeneoeetee

1437 1437 1796 1500 SABBATO

1189 1560 1257 1608 m
1294 1557 1540 1608 worma
1582 1553 2042 1606 PENTECOS‘LES.

1168 1709 1267 1762 0Ex
1337 1703 1581 1759 Concilio
1651 1699 2047 1758 Mediolanensi

1225 1778 1440 1850 quium,
1465 1777 1566 1834 sub
1585 1784 1772 1830 sancto
1792 1775 2004 1828 carolo,

1299 1854 1454 1922 1579.
1473 1854 1538 1904 P.
1561 1852 1613 1904 5.
1631 1851 1712 1903 tit.
1733 1849 1794 1901 de
1807 1850 1961 1916 Bapt.
2061 1909 2064 1914 ι

1189 1887 1486 1979 Ramelosx
1516 1923 1748 1978 institniti
1777 1920 1912 1974 olim
1945 1919 2049 1976 fuit

1190 1999 1336 2055 diem
1379 1997 1637 2069 Baptismi
1683 1993 1974 2067 quotannis
2018 1995 2045 2046 a

1188 2071 1442 2128 fidelibus
1473 2072 1562 2143 pie
1593 2068 1856 2125 celebrari
1879 2092 1892 2121 ι
1923 2083 2044 2137 quae

1190 2145 1655 2205 sane-institutio,
1688 2146 1813 2197 cum
1841 2141 1910 2196 ad
1931 2140 2045 2211 pie-

1189 2220 1313 2273 tatis
1347 2217 1654 2270 christianae
1697 2216 1902 2269 cultum
1931 2228 2046 2265 non

1190 2306 1384 2362 parum
1401 2290 1486 2357 adj
1495 2288 1703 2342 umenti
1723 2288 1912 2341 afferre
1929 2299 2048 2356 pos-

1193 2364 1260 2418 sit
1280 2404 1295 2426 ,
1344 2378 1464 2417 eam
1507 2361 1566 2414 in
1612 2375 1768 2413 usum
1807 2356 2048 2411 revocari

1191 2436 1538 2491 vehementer
1561 2432 1829 2505 eripimus,
1860 2434 2048 2498 Itaque

1192 2509 1437 2565 fidelium
1451 2506 1824 2575 unusquisque
1835 2517 1946 2573 quo
1961 2502 2049 2557 die

1191 2583 1501 2655 baptizatus·
1523 2587 1628 2643 est,
1655 2577 1946 2648 quotannis
1975 2590 2050 2627 ar-

1195 2656 1301 2709 den
1310 2653 1432 2709 tiori
1453 2669 1615 2725 prece
1630 2693 1644 2715 ‚
1681 2651 2018 2719 eleemosyna
2034 2687 2049 2709 ,

1194 2730 1240 2783 si
1275 2745 1373 2801 per
1405 2727 1686 2781 facultates
1711 2730 1914 2797 potest,
1943 2722 2047 2793 spi-

1193 2803 1472 2871 ritalisque
1517 2798 1700 2869 gaudii
1742 2794 2048 2859 celebritate

1195 2877 1398 2929 recolat
1419 2890 1496 2936 se,
1519 2868 1882 2941 chirographo
1907 2868 2052 2922 dam·

1194 2948 1434 3002 nationis
1476 2946 1651 3000 deleto
1666 2982 1680 3006 ‚
1725 2940 2052 2995 haereditatis

1196 3020 1424 3077 coelestis
1455 3016 1775 3089 participem
1811 3015 1872 3067 in
1899 3011 2050 3066 Chri-

1196 3100 1279 3147 sto
1318 3092 1521 3145 factum
1559 3106 1688 3143 esse.
1724 3089 1803 3140 Eo
1842 3085 2051 3157 potissi-

1195 3182 1363 3221 mum.
1380 3164 1469 3218 die
1492 3165 1672 3217 sancte
1691 3178 1746 3215 se
1771 3160 1964 3213 excitet
1983 3158 2054 3229 ati

1197 3239 1512 3311 praeclaram
1534 3236 1684 3289 illam
1709 3234 2052 3305 sponsionem

1199 3320 1252 3366 et
1270 3310 1620 3365 christianam
1637 3323 1736 3379 pro
1743 3306 2052 3365 sessionem,

1201 3400 1364 3455 quam
1407 3384 1467 3437 in
1509 3397 1660 3436 sacro
1703 3380 1913 3433 lavacro
1957 3392 2057 3448 per

1201 3458 1486 3534 sponsores
1519 3453 1836 3511 solemniter
1864 3449 2051 3507 edidit.
