2392 4050
390 160 457 213 32

395 257 655 307 Lectiones
669 273 719 325 pl
727 273 758 306 ο
767 255 944 307 diebus
955 259 1090 307 intra
1102 257 1256 309 Octa-

395 341 511 373 vam
543 326 648 375 sive
679 322 738 373 in
770 324 1025 375 Breviario
1057 327 1164 374 sive
1196 329 1253 375 in

394 388 662 441 octavario
677 411 690 453 3
717 398 838 439 tunc
853 393 988 440 enim
1003 390 1255 442 Solemni-

395 464 472 506 tas
497 455 696 507 tantum
713 493 726 517 ‚
745 460 790 505 si
817 456 954 507 locus
971 460 1039 508 sit
1053 494 1066 519 ,
1089 464 1256 507 trans-

394 522 550 573 fertur
579 526 636 572 in
673 522 994 573 Dominicam
1029 526 1255 591 proxime

394 598 686 659 sequentem
708 626 722 650 ‚
746 588 981 639 Officium
1001 598 1170 639 autem
1204 599 1256 641 et

399 655 588 707 Octava
611 656 672 705 fit
689 656 756 705 ab
775 673 834 706 eo
852 656 936 706 die
952 660 1046 726 qui
1070 659 1130 707 in
1153 657 1255 707 Ca—

393 721 620 772 lendario
639 720 738 791 ipsi
757 726 1051 791 assignatur.

465 805 514 837 2.
556 787 655 840 Ubi
675 790 728 839 S.
750 789 1253 858 ‚loannes-Baptista,

397 855 480 905 vel
502 855 597 906 SS.
627 856 800 905 Petrus
822 864 874 905 et
897 855 1082 905 Paulus
1097 893 1110 917 ‚
1137 864 1257 905 sunt

403 922 607 986 Patroni
625 925 883 990 primarii,
907 920 1088 973 horum
1114 921 1258 989 Vigi-

398 987 470 1037 lia
492 1005 552 1039 eo
581 988 670 1038 {iet
696 991 800 1039 ritu
816 1026 831 1051 ,
852 990 945 1058 qui
964 996 1169 1039 notatur
1198 986 1257 1039 in

401 1054 683 1108 Octavario.
701 1055 760 1105 Si
770 1065 994 1106 ocem-rat
1005 1058 1061 1105 in
1081 1055 1261 1104 Domi-

399 1124 512 1171 nica
531 1158 546 1184 ‚
568 1124 900 1191 anticipatur3
925 1124 968 1171 si
987 1122 1106 1172 vero
1123 1124 1257 1172 intra

401 1186 642 1238 Octavam
677 1188 904 1258 Corporis
935 1187 1157 1249 Christi,
1195 1188 1257 1238 de

405 1253 592 1322 vigilia
611 1254 671 1303 fit
689 1254 794 1305 sola
821 1254 1253 1305 Commemoratio.

400 1320 642 1371 Eamdem
667 1324 896 1391 sequitur
919 1321 1139 1391 regulam
1163 1319 1261 1371 Vi-

397 1386 520 1455 gilia
542 1386 636 1439 SS.
659 1387 898 1454 Dionysii
920 1395 973 1438 et
989 1391 1254 1439 sociorum.

469 1454 516 1503 3.
541 1453 605 1503 In
629 1454 887 1517 Adventu,
907 1455 968 1504 fit
986 1454 1088 1504 sola
1111 1454 1261 1505 Com-

402 1524 694 1571 memoratio
725 1520 920 1571 dierum
952 1524 1087 1572 intra
1107 1519 1261 1570 Octa-

401 1604 516 1636 vam
547 1586 871 1639 Patronorum
889 1625 904 1650 ,
922 1595 983 1638 ut
1023 1590 1262 1638 statuitur

401 1656 459 1701 in
481 1652 714 1703 Rubricis
733 1653 1068 1723 generalibuS,
1093 1669 1147 1702 n.
1174 1654 1255 1704 36.

405 1719 571 1769 Nullae
605 1718 740 1769 fiunt
777 1720 978 1771 Octavae
1018 1721 1258 1771 Patrono-

791 172 1017 212 BUBRIGAE
1042 175 1102 214 DE
1125 178 1289 217 rzsns
1309 180 1375 218 SS.
1406 178 1765 218 Parnononuu.

1322 265 1477 329 speris
1496 259 1562 311 ad
1582 258 1869 327 Capitulum
1892 259 1947 308 11
1981 258 2081 310 Ves
2149 288 2181 299 -

1324 345 1489 377 rarum
1512 326 1781 377 exclusive.
1800 326 2047 394 Insuperc
2115 330 2181 389 it,

1322 394 1466 443 nulla
1485 393 1749 461 dignitatis
1766 392 1942 441 habita
1961 395 2178 455 ratione,

1324 460 1536 511 cuilibet
1569 458 1770 509 Octavae
1802 457 2009 508 secundi
2035 458 2182 509 ordi-

1323 530 1405 576 nis
1437 530 1494 576 in
1526 524 1821 575 Calendario
1863 528 2178 594 proescriptae.

1325 592 1521 643 Diebus
1538 600 1706 641 autem
1728 608 1831 641 non
1846 590 2109 660 impeditis
2120 591 2185 641 fit

1326 658 1565 709 Officium
1583 657 1647 708 de
1664 657 1873 721 Octava,
1890 662 1994 708 ritu
2014 658 2184 708 Semi-

1325 725 1394 775 du
1427 725 1537 775 lici.

1454 809 1481 841 e
1503 789 1689 843 Octava
1712 806 1783 860 qu
1885 808 1913 839 e
1932 789 2065 841 illud
2082 807 2185 841 no-

1326 858 1535 908 tandum
1558 867 1659 920 est,
1689 856 1825 928 quod
1890 865 2051 907 estum
2085 857 2186 907 Pa·-

1328 928 1490 986 troni,
1514 927 1558 973 si
1577 933 1776 993 propter
1830 923 2077 973 uamlibet
2092 940 2187 973 oc-

1326 993 1631 1041 currentiam
1647 990 1779 1041 ultra
1844 992 2117 1040 ominicam
2137 992 2187 1039 ei

1327 1060 1423 1107 assi
1492 1066 1623 1107 atam
1648 1055 1989 1117 transferatur,
2012 1072 2074 1106 eo
2092 1072 2189 1105 an-

1327 1140 1396 1173 no
1468 1125 1613 1175 ctava
1642 1131 1807 1174 careat
1820 1160 1837 1186 ,
1855 1140 1918 1173 ex
1950 1122 2189 1173 Rubricis

1328 1208 1382 1241 n.
1408 1192 1491 1257 37.

1392 1258 1443 1321 4.
1484 1256 1630 1307 Festa
1656 1252 1949 1306 secundaria
1981 1254 2191 1304 Patroni

1328 1324 1411 1374 vel
1429 1323 1670 1374 Titularis
1685 1359 1699 1384 ,
1718 1329 1778 1371 ut
1798 1329 1917 1370 sunt
1938 1339 1989 1372 v.
2012 1338 2059 1390 g.
2084 1320 2191 1370 Fe-

1329 1398 1403 1440 sta
1420 1388 1679 1440 Cathedrae
1701 1388 1755 1437 S.
1778 1388 1933 1450 Petri,
1955 1388 2010 1437 S.
2032 1387 2194 1439 Joan-

1329 1460 1410 1506 nis
1446 1465 1563 1506 ante
1603 1455 1799 1505 Portam
1837 1455 2065 1504 Latinam
2088 1490 2102 1515 ,
2136 1461 2194 1503 et

1330 1524 1545 1586 similia,
1568 1525 1626 1572 in
1660 1521 1881 1571 ecclesiis
1910 1520 2005 1570 sub
2036 1518 2195 1570 titulo

1330 1589 1509 1639 horum
1530 1589 1827 1639 Sanctorum
1842 1586 2041 1650 dicatis,
2055 1585 2196 1636 fiunt

1331 1660 1435 1706 ritu
1464 1650 1895 1723 Duplici-majori.

1398 1723 1445 1772 5.
1470 1721 1671 1771 Festum
1707 1719 1913 1771 Patroni
1942 1717 2194 1769 secunda-

400 1803 542 1848 rum,
572 1803 666 1836 nec
692 1786 798 1836 ulla
825 1786 888 1837 de
920 1786 1003 1837 his
1033 1788 1262 1841 Conme-
1288 1804 1299 1867 ι
1332 1791 1428 1852 rii,
1454 1789 1525 1855 (et
1542 1787 1659 1837 talis
1678 1785 1939 1836 habendus
1968 1793 2043 1835 est
2061 1802 2113 1836 v.
2139 1802 2190 1853 g.

403 1856 642 1914 moratio,
675 1852 704 1902 ὰ
726 1853 766 1902 F
768 1856 872 1904 eria
892 1862 1071 1923 quarta
1105 1852 1263 1903 Cine-
1335 1854 1547 1905 Sanctus
1576 1853 1662 1903 ille
1680 1852 1803 1903 olim
1824 1851 2063 1902 Titularis
2088 1850 2194 1900 Pa-

403 1936 514 1969 rum
548 1919 612 1969 ad
638 1918 960 1971 Dominicam
990 1923 1048 1970 in
1082 1918 1259 1981 Albis,

403 1994 454 2037 ct
475 1986 505 2036 εὶ
542 1985 772 2055 vesperis
799 1986 906 2038 diei
943 1986 1004 2038 15
1040 1986 1259 2042 Decem-

401 2053 505 2104 bris
523 2052 587 2103 ad
603 2053 740 2104 diem
767 2053 1058 2120 Nativitatis
1076 2052 1262 2104 Domi-

405 2123 491 2182 ni;
521 2123 645 2170 item
675 2121 706 2170 a
727 2120 918 2190 vigilia
950 2121 1263 2170 Pentecostes

377 2185 466 2238 ‚ad
497 2186 818 2238 Dominicam
853 2187 948 2238 SS.
975 2185 1259 2238 Trinitatis.

405 2271 412 2276 ·
470 2251 659 2306 Octava
676 2263 843 2304 autem
863 2254 957 2304 SS.
976 2254 1261 2314 Trinitatis,

403 2318 493 2382 ubi
529 2327 606 2370 est
644 2320 904 2383 Titularis‚
944 2323 1261 2378 terminatur,

404 2385 549 2436 nullo
567 2383 771 2455 speciali
791 2386 1024 2437 adhibito
1046 2389 1149 2436 ritu
1165 2423 1180 2448 ,
1201 2383 1264 2435 ad

409 2451 602 2502 Nouam
644 2452 799 2504 Ferioe
831 2462 1021 2524 quartae
1051 2469 1265 2522 sequen-

403 2520 488 2568 tis.
502 2519 862 2582 Annuntiatio,
877 2528 929 2570 et
945 2519 1265 2571 Praesentatio

403 2584 647 2649 Domini,
679 2604 736 2636 ac
771 2587 972 2637 Festum
1008 2585 1102 2635 SS.
1139 2587 1266 2637 Cor-

403 2650 482 2701 dis
503 2651 536 2702 J
539 2669 646 2714 esu,
666 2669 770 2702 non
794 2652 984 2702 habent
1002 2651 1263 2715 Octavam,

403 2721 556 2832 etila'm
585 2718 670 2769 ubi
697 2718 806 2769 haec
826 2719 970 2769 Festa
995 2727 1158 2768 essent
1176 2719 1265 2770 Ti-

405 2791 461 2832 tu
515 2787 607 2833 ria.
1058 2821 1068 2826 -

473 2849 662 2900 Octava
697 2850 833 2902 Festi
859 2849 1146 2916 Patronalis
1167 2849 1266 2900 ali-

405 2918 489 2965 cui
525 2916 762 2967 Ecclesiae
807 2915 1072 2985 peculiaris
1114 2919 1170 2965 in
1206 2934 1266 2967 eo

406 2981 578 3033 differt
623 2981 687 3032 ab
735 2982 939 3033 Octavis
985 2989 1262 3032 ceterorum

407 3048 994 3099 Annualium-minorum
1020 3050 1114 3098 toti
1139 3048 1268 3099 dioe-

405 3118 506 3164 cesi
555 3116 927 3177 communibuS‚
974 3113 1112 3185 quod
1156 3113 1265 3166 dies

311 3243 318 3246 -
405 3184 539 3230 intra
562 3181 802 3232 Octavam
838 3183 1043 3232 Patroni
1076 3180 1265 3231 admit-

407 3255 519 3297 tant
539 3248 625 3299 Du
661 3249 781 3298 licia
808 3250 962 3298 etiam
992 3247 1231 3297 translata
1247 3285 1261 3310 ,

408 3330 521 3382 quoe
555 3313 622 3364 ha
689 3322 749 3364 nt
781 3313 1021 3365 Officium
1052 3312 1080 3362 a
1105 3313 1129 3362 1
1155 3313 1264 3364 Ve-

407 3384 592 3448 speris;
627 3397 824 3432 necnon
847 3381 1050 3430 Festum
1091 3379 1265 3449 quod-

407 3463 623 3516 cumque
637 3446 965 3515 Semiduplex
977 3463 1261 3509 occurrens,

407 3511 468 3562 de
499 3531 602 3584 quo
623 3514 684 3565 fit
713 3513 742 3564 a
771 3513 1000 3582 Capitulo
1029 3515 1086 3564 iu
1105 3511 1130 3561 I
1159 3511 1264 3564 Ve-

1332 1920 1515 1971 rochiae
1534 1923 1770 1971 extinctae
1785 1957 1799 1981 ‚
1821 1936 1933 1989 qnae
1953 1917 2197 1985 deinceps

1334 1991 1477 2038 unita
1493 1996 1569 2038 est
1588 1986 1841 2038 Parochiae
1858 2001 1994 2037 nunc
2012 1985 2195 2051 stanti)

1333 2055 1463 2104 ultra
1497 2054 1948 2105 solemne-minus
1977 2067 2195 2116 non-as·-

1332 2124 1491 2190 surgit
1505 2159 1519 2181 ,
1541 2137 1633 2170 nec
1652 2119 1808 2170 habet
1827 2118 2085 2170 Octavam.

1398 2191 1449 2238 6.
1484 2187 1587 2238 Ubi
1623 2191 1757 2237 intra
1791 2183 2009 2254 alicujus⁴
2035 2184 2196 2233 Paro-

1334 2253 1463 2304 chiae
1500 2253 1691 2303 limites
1746 2260 1922 2303 extant
1972 2250 2195 2301 ecelesiae

1334 2337 1421 2370 seu
1440 2320 1641 2386 capellae
1660 2321 2089 2378 monasteriorum,
2104 2331 2198 2365 no-

1334 2390 1661 2436 socomiorum
1678 2423 1692 2448 ‚
1714 2385 2034 2454 collegiorum
2053 2391 2105 2432 et
2122 2385 2197 2432 si·-

1336 2451 1568 2515 milium3
1614 2455 1671 2502 in
1710 2452 1795 2501 his
1840 2448 2196 2501 celebrandum

1336 2527 1411 2568 est
1455 2519 1659 2568 Festum
1716 2519 1920 2567 Patroni
1976 2515 2197 2566 titularis

1336 2585 1555 2635 ecclesiae
1594 2583 1895 2654 parochialis
1914 2619 1927 2644 ,
1966 2590 2020 2632 et
2060 2577 2194 2630 offi-

1335 2655 1469 2701 cium
1493 2649 1599 2720 ejus
1619 2652 1648 2701 a
1678 2651 1819 2700 Clero
1844 2647 2195 2718 praedictarum

1336 2717 1635 2786 capellarum
1678 2719 1873 2768 recitari
1921 2713 2101 2776 debet,
2136 2730 2198 2763 eo

1338 2787 1352 2832 i
1414 2800 1445 2833 ο
1473 2783 1555 2833 die
1584 2799 1687 2852 quo
1723 2786 1779 2832 in
1812 2779 2086 2850 parochiali
2105 2796 2197 2828 ec·-

1335 2801 1513 2912 cffisia3
1556 2849 1642 2900 scd
1675 2852 1787 2899 ritu·
1816 2848 2065 2898 duntaxat
2094 2845 2197 2895 So·-

1334 2914 1704 2985 lemni-majori
1723 2953 1737 2976 ,
1775 2925 1827 2965 et
1853 2917 1962 2964 sine
1982 2913 2195 2963 Octava.

1340 2981 1487 3032 Nihil
1521 2991 1689 3032 tamen
1734 2988 1790 3031 iu
1821 2983 1925 3030 ritu
1962 2983 2059 3031 erit
2093 2981 2197 3027 im—

1336 3047 1632 3098 mutandum
1650 3086 1663 3110 ‚
1688 3051 1732 3096 si
1755 3047 1957 3097 Festum
1992 3047 2060 3095 sit
2085 3045 2200 3094 An·-

1334 3114 1484 3164 nuale
1526 3123 1613 3164 aut
1657 3109 2105 3179 Solemus—majus
2140 3114 2200 3160 in

1334 3180 1556 3230 dioecesi.
1622 3181 1809 3230 Verum
1850 3181 1894 3228 si
1936 3180 2203 3245 contingat

1337 3247 1539 3297 Festum
1592 3249 1738 3296 istius
1780 3246 1986 3296 Patroni
2028 3260 2203 3294 occur-

1334 3330 1439 3363 rere
1474 3313 1559 3363 vel
1588 3312 1841 3362 transferri
1876 3313 1933 3360 in
1968 3309 2197 3379 aliquam

1335 3378 1657 3429 Dominicam
1724 3395 1837 3448 quae
1910 3377 2203 3428 Soiemnia-

1336 3443 1521 3513 majora
1540 3443 1775 3494 excludat
1790 3481 1804 3506 ,
1828 3453 1949 3493 tunc
1978 3446 2035 3492 in
2067 3458 2203 3509 prae-

1334 3510 1484 3562 dictis
1508 3511 1729 3562 ecelesiis
1762 3527 1851 3562 seu
1878 3507 2086 3580 capellis
2106 3524 2204 3558 eo-
