<?xml version="1.0" encoding="UTF-8"?>
<!DOCTYPE html PUBLIC "-//W3C//DTD XHTML 1.0 Transitional//EN"
    "http://www.w3.org/TR/xhtml1/DTD/xhtml1-transitional.dtd">
<html xmlns="http://www.w3.org/1999/xhtml" xml:lang="en" lang="en">
 <head>
  <title>
</title>
<meta http-equiv="Content-Type" content="text/html;charset=utf-8" />
  <meta name='ocr-system' content='tesseract 3.04.00' />
  <meta name='ocr-capabilities' content='ocr_page ocr_carea ocr_par ocr_line ocrx_word'/>
</head>
<body>
  <div class='ocr_page' id='page_1' title='image "./breviariumparis00unkngoog_0029.png"; bbox 0 0 2392 4050; ppageno 0'>
   <div class='ocr_carea' id='block_1_1' title="bbox 363 340 1247 3537">
    <p class='ocr_par' dir='ltr' id='par_1_1' title="bbox 379 340 1247 926">
     <span class='ocr_line' id='line_1_1' title="bbox 459 340 1247 396; baseline 0.009 -7"><span class='ocrx_word' id='word_1_1' title='bbox 459 341 506 390; x_wconf 90' lang='lat'><strong>5.</strong></span> <span class='ocrx_word' id='word_1_2' title='bbox 539 340 857 393; x_wconf 88' lang='lat' dir='ltr'><strong>Dominicale</strong></span> <span class='ocrx_word' id='word_1_3' title='bbox 891 342 1126 395; x_wconf 85' lang='lat' dir='ltr'><strong>Officium</strong></span> <span class='ocrx_word' id='word_1_4' title='bbox 1153 362 1247 396; x_wconf 86' lang='lat' dir='ltr'><strong>nec</strong></span> 
     </span>
     <span class='ocr_line' id='line_1_2' title="bbox 390 408 1247 471; baseline 0.007 -14"><span class='ocrx_word' id='word_1_5' title='bbox 390 413 552 457; x_wconf 88' lang='lat' dir='ltr'><strong>totum</strong></span> <span class='ocrx_word' id='word_1_6' title='bbox 580 408 892 471; x_wconf 82' lang='lat' dir='ltr'><strong>transfertur,</strong></span> <span class='ocrx_word' id='word_1_7' title='bbox 914 427 1009 461; x_wconf 91' lang='lat' dir='ltr'><strong>nec</strong></span> <span class='ocrx_word' id='word_1_8' title='bbox 1037 414 1247 463; x_wconf 89' lang='lat' dir='ltr'><strong>omnino</strong></span> 
     </span>
     <span class='ocr_line' id='line_1_3' title="bbox 386 474 1245 529; baseline 0.008 -7"><span class='ocrx_word' id='word_1_9' title='bbox 386 477 658 524; x_wconf 88' lang='lat' dir='ltr'><strong>omittitur.</strong></span> <span class='ocrx_word' id='word_1_10' title='bbox 685 474 744 526; x_wconf 92' lang='lat' dir='ltr'><strong>Si</strong></span> <span class='ocrx_word' id='word_1_11' title='bbox 770 476 888 527; x_wconf 75' lang='lat' dir='ltr'><strong>vero</strong></span> <span class='ocrx_word' id='word_1_12' title='bbox 914 480 973 526; x_wconf 86' lang='lat' dir='ltr'><strong>in</strong></span> <span class='ocrx_word' id='word_1_13' title='bbox 999 477 1245 529; x_wconf 89' lang='lat' dir='ltr'><strong>Domini-</strong></span> 
     </span>
     <span class='ocr_line' id='line_1_4' title="bbox 387 539 1241 609; baseline 0.009 -21"><span class='ocrx_word' id='word_1_14' title='bbox 387 555 496 589; x_wconf 84' lang='lat' dir='ltr'><strong>cam</strong></span> <span class='ocrx_word' id='word_1_15' title='bbox 534 539 774 591; x_wconf 84' lang='lat' dir='ltr'><strong>inciderit</strong></span> <span class='ocrx_word' id='word_1_16' title='bbox 822 542 1026 593; x_wconf 82' lang='lat' dir='ltr'><strong>Festum</strong></span> <span class='ocrx_word' id='word_1_17' title='bbox 1053 581 1066 607; x_wconf 95' lang='lat'><strong>,</strong></span> <span class='ocrx_word' id='word_1_18' title='bbox 1125 549 1209 595; x_wconf 90' lang='lat' dir='ltr'><strong>cui</strong></span> <span class='ocrx_word' id='word_1_19' title='bbox 1226 584 1241 609; x_wconf 91' lang='lat'><strong>,</strong></span> 
     </span>
     <span class='ocr_line' id='line_1_5' title="bbox 379 602 1244 673; baseline 0.005 -16"><span class='ocrx_word' id='word_1_20' title='bbox 379 602 528 673; x_wconf 80' lang='lat' dir='ltr'><strong>juxta</strong></span> <span class='ocrx_word' id='word_1_21' title='bbox 561 607 804 659; x_wconf 87' lang='lat' dir='ltr'><strong>Rubricas</strong></span> <span class='ocrx_word' id='word_1_22' title='bbox 821 646 834 670; x_wconf 92' lang='lat'><strong>,</strong></span> <span class='ocrx_word' id='word_1_23' title='bbox 871 608 1105 661; x_wconf 87' lang='lat' dir='ltr'><strong>Officium</strong></span> <span class='ocrx_word' id='word_1_24' title='bbox 1129 610 1244 661; x_wconf 89' lang='lat' dir='ltr'><strong>Do·-</strong></span> 
     </span>
     <span class='ocr_line' id='line_1_6' title="bbox 387 672 1246 740; baseline 0.008 -18"><span class='ocrx_word' id='word_1_25' title='bbox 387 676 587 723; x_wconf 85' lang='lat' dir='ltr'><strong>minicae</strong></span> <span class='ocrx_word' id='word_1_26' title='bbox 601 672 772 725; x_wconf 83' lang='lat' dir='ltr'><strong>cedere</strong></span> <span class='ocrx_word' id='word_1_27' title='bbox 788 674 986 740; x_wconf 87' lang='lat' dir='ltr'><strong>debeat,</strong></span> <span class='ocrx_word' id='word_1_28' title='bbox 999 676 1089 727; x_wconf 83' lang='lat' dir='ltr'><strong>fiet</strong></span> <span class='ocrx_word' id='word_1_29' title='bbox 1102 677 1246 728; x_wconf 90' lang='lat' dir='ltr'><strong>Com-</strong></span> 
     </span>
     <span class='ocr_line' id='line_1_7' title="bbox 386 741 1244 796; baseline 0.006 -5"><span class='ocrx_word' id='word_1_30' title='bbox 386 743 678 791; x_wconf 83' lang='lat' dir='ltr'><strong>memoratio</strong></span> <span class='ocrx_word' id='word_1_31' title='bbox 702 741 984 793; x_wconf 85' lang='lat' dir='ltr'><strong>Dominicae</strong></span> <span class='ocrx_word' id='word_1_32' title='bbox 1015 745 1071 794; x_wconf 88' lang='lat' dir='ltr'><strong>in</strong></span> <span class='ocrx_word' id='word_1_33' title='bbox 1090 748 1244 796; x_wconf 87' lang='lat' dir='ltr'><strong>utris-</strong></span> 
     </span>
     <span class='ocr_line' id='line_1_8' title="bbox 383 806 1245 877; baseline 0.008 -22"><span class='ocrx_word' id='word_1_34' title='bbox 383 823 488 877; x_wconf 73' lang='lat' dir='ltr'><strong>que</strong></span> <span class='ocrx_word' id='word_1_35' title='bbox 498 806 748 876; x_wconf 80' lang='lat' dir='ltr'><strong>vesperis,</strong></span> <span class='ocrx_word' id='word_1_36' title='bbox 762 812 819 859; x_wconf 91' lang='lat' dir='ltr'><strong>in</strong></span> <span class='ocrx_word' id='word_1_37' title='bbox 833 808 1012 861; x_wconf 89' lang='lat' dir='ltr'><strong>Officio</strong></span> <span class='ocrx_word' id='word_1_38' title='bbox 1026 809 1069 860; x_wconf 87' lang='lat' dir='ltr'>N</span> <span class='ocrx_word' id='word_1_39' title='bbox 1073 820 1245 862; x_wconf 77' lang='lat' dir='ltr'><strong>octar-</strong></span> 
     </span>
     <span class='ocr_line' id='line_1_9' title="bbox 384 873 818 926; baseline 0.007 -3"><span class='ocrx_word' id='word_1_40' title='bbox 384 890 451 925; x_wconf 91' lang='lat' dir='ltr'><strong>no</strong></span> <span class='ocrx_word' id='word_1_41' title='bbox 473 881 524 923; x_wconf 86' lang='lat' dir='ltr'><strong>et</strong></span> <span class='ocrx_word' id='word_1_42' title='bbox 545 873 818 926; x_wconf 77' lang='lat' dir='ltr'><strong>Laudibus·</strong></span> 
     </span>
    </p>

    <p class='ocr_par' dir='ltr' id='par_1_2' title="bbox 380 938 1243 1352">
     <span class='ocr_line' id='line_1_10' title="bbox 448 938 1243 1014; baseline 0.005 -23"><span class='ocrx_word' id='word_1_43' title='bbox 448 940 501 991; x_wconf 88' lang='lat'><strong>6.</strong></span> <span class='ocrx_word' id='word_1_44' title='bbox 525 938 669 991; x_wconf 87' lang='lat' dir='ltr'><strong>Circa</strong></span> <span class='ocrx_word' id='word_1_45' title='bbox 699 941 992 993; x_wconf 84' lang='lat' dir='ltr'><strong>Dominicas</strong></span> <span class='ocrx_word' id='word_1_46' title='bbox 1015 960 1130 1014; x_wconf 83' lang='lat' dir='ltr'><strong>quae</strong></span> <span class='ocrx_word' id='word_1_47' title='bbox 1155 946 1243 994; x_wconf 85' lang='lat' dir='ltr'><strong>in-</strong></span> 
     </span>
     <span class='ocr_line' id='line_1_11' title="bbox 384 1006 1241 1077; baseline 0.008 -22"><span class='ocrx_word' id='word_1_48' title='bbox 384 1014 458 1055; x_wconf 89' lang='lat' dir='ltr'><strong>tra</strong></span> <span class='ocrx_word' id='word_1_49' title='bbox 489 1006 702 1059; x_wconf 87' lang='lat' dir='ltr'><strong>Octavas</strong></span> <span class='ocrx_word' id='word_1_50' title='bbox 734 1007 947 1077; x_wconf 87' lang='lat' dir='ltr'><strong>alicujus</strong></span> <span class='ocrx_word' id='word_1_51' title='bbox 985 1010 1122 1061; x_wconf 85' lang='lat' dir='ltr'><strong>Festi</strong></span> <span class='ocrx_word' id='word_1_52' title='bbox 1149 1027 1241 1061; x_wconf 89' lang='lat' dir='ltr'><strong>oc-</strong></span> 
     </span>
     <span class='ocr_line' id='line_1_12' title="bbox 382 1073 1240 1145; baseline 0.006 -23"><span class='ocrx_word' id='word_1_53' title='bbox 382 1082 592 1123; x_wconf 87' lang='lat' dir='ltr'><strong>currunt</strong></span> <span class='ocrx_word' id='word_1_54' title='bbox 605 1111 622 1136; x_wconf 92' lang='lat'><strong>,</strong></span> <span class='ocrx_word' id='word_1_55' title='bbox 643 1073 761 1126; x_wconf 84' lang='lat' dir='ltr'><strong>vide</strong></span> <span class='ocrx_word' id='word_1_56' title='bbox 795 1093 908 1145; x_wconf 86' lang='lat' dir='ltr'><strong>quae</strong></span> <span class='ocrx_word' id='word_1_57' title='bbox 931 1074 994 1126; x_wconf 87' lang='lat' dir='ltr'><strong>de</strong></span> <span class='ocrx_word' id='word_1_58' title='bbox 1023 1075 1106 1127; x_wconf 87' lang='lat' dir='ltr'><strong>his</strong></span> <span class='ocrx_word' id='word_1_59' title='bbox 1131 1084 1240 1127; x_wconf 78' lang='lat' dir='ltr'><strong>sta-</strong></span> 
     </span>
     <span class='ocr_line' id='line_1_13' title="bbox 381 1142 1236 1211; baseline 0.006 -22"><span class='ocrx_word' id='word_1_60' title='bbox 381 1148 596 1189; x_wconf 84' lang='lat' dir='ltr'><strong>tuuntur</strong></span> <span class='ocrx_word' id='word_1_61' title='bbox 649 1144 877 1208; x_wconf 80' lang='lat' dir='ltr'><strong>proximo</strong></span> <span class='ocrx_word' id='word_1_62' title='bbox 925 1142 1098 1211; x_wconf 80' lang='lat' dir='ltr'><strong>Capite</strong></span> <span class='ocrx_word' id='word_1_63' title='bbox 1150 1162 1201 1194; x_wconf 83' lang='lat'><strong>111</strong></span> <span class='ocrx_word' id='word_1_64' title='bbox 1221 1180 1236 1207; x_wconf 90' lang='lat'><strong>,</strong></span> 
     </span>
     <span class='ocr_line' id='line_1_14' title="bbox 381 1204 1241 1272; baseline 0.008 -18"><span class='ocrx_word' id='word_1_65' title='bbox 381 1206 412 1272; x_wconf 82' lang='lat'><em>§</em></span> <span class='ocrx_word' id='word_1_66' title='bbox 449 1223 526 1268; x_wconf 77' lang='lat' dir='ltr'><strong>vi,</strong></span> <span class='ocrx_word' id='word_1_67' title='bbox 549 1204 639 1255; x_wconf 90' lang='lat' dir='ltr'><strong>ubi</strong></span> <span class='ocrx_word' id='word_1_68' title='bbox 666 1210 726 1257; x_wconf 82' lang='lat' dir='ltr'><strong>de</strong></span> <span class='ocrx_word' id='word_1_69' title='bbox 761 1209 989 1271; x_wconf 66' lang='lat' dir='ltr'><strong>Octavv&#39;s,</strong></span> <span class='ocrx_word' id='word_1_70' title='bbox 1015 1225 1070 1260; x_wconf 87' lang='lat' dir='ltr'><strong>n.</strong></span> <span class='ocrx_word' id='word_1_71' title='bbox 1105 1210 1162 1261; x_wconf 81' lang='lat'><strong>31</strong></span> <span class='ocrx_word' id='word_1_72' title='bbox 1189 1220 1241 1261; x_wconf 91' lang='lat' dir='ltr'><strong>et</strong></span> 
     </span>
     <span class='ocr_line' id='line_1_15' title="bbox 380 1288 711 1352; baseline 0.006 -11"><span class='ocrx_word' id='word_1_73' title='bbox 380 1288 486 1341; x_wconf 64' lang='lat' dir='ltr'><strong>&#39;eq-</strong></span> <span class='ocrx_word' id='word_1_74' title='bbox 700 1342 711 1352; x_wconf 79' lang='grc'><strong>,</strong></span> 
     </span>
    </p>

    <p class='ocr_par' dir='ltr' id='par_1_3' title="bbox 363 1337 1243 3537">
     <span class='ocr_line' id='line_1_16' title="bbox 447 1337 1238 1408; baseline 0.01 -22"><span class='ocrx_word' id='word_1_75' title='bbox 447 1352 496 1402; x_wconf 84' lang='lat'><strong>7.</strong></span> <span class='ocrx_word' id='word_1_76' title='bbox 519 1337 600 1388; x_wconf 89' lang='lat' dir='ltr'><strong>Ita</strong></span> <span class='ocrx_word' id='word_1_77' title='bbox 619 1347 936 1408; x_wconf 75' lang='lat' dir='ltr'><strong>assignantur</strong></span> <span class='ocrx_word' id='word_1_78' title='bbox 953 1340 1131 1393; x_wconf 87' lang='lat' dir='ltr'><strong>Officia</strong></span> <span class='ocrx_word' id='word_1_79' title='bbox 1152 1360 1238 1394; x_wconf 85' lang='lat' dir='ltr'><strong>sex</strong></span> 
     </span>
     <span class='ocr_line' id='line_1_17' title="bbox 381 1402 1241 1478; baseline 0.008 -25"><span class='ocrx_word' id='word_1_80' title='bbox 381 1402 763 1455; x_wconf 87' lang='lat' dir='ltr'><strong>Dominicarum</strong></span> <span class='ocrx_word' id='word_1_81' title='bbox 816 1408 950 1457; x_wconf 86' lang='lat' dir='ltr'><strong>inter</strong></span> <span class='ocrx_word' id='word_1_82' title='bbox 1009 1408 1241 1478; x_wconf 90' lang='lat' dir='ltr'><strong>Epipha-</strong></span> 
     </span>
     <span class='ocr_line' id='line_1_18' title="bbox 381 1472 1238 1542; baseline 0.008 -23"><span class='ocrx_word' id='word_1_83' title='bbox 381 1472 520 1520; x_wconf 87' lang='lat' dir='ltr'>niam</span> <span class='ocrx_word' id='word_1_84' title='bbox 551 1478 602 1521; x_wconf 86' lang='lat' dir='ltr'><strong>et</strong></span> <span class='ocrx_word' id='word_1_85' title='bbox 629 1472 1057 1542; x_wconf 85' lang='lat' dir='ltr'><strong>Septuagesimam</strong></span> <span class='ocrx_word' id='word_1_86' title='bbox 1075 1513 1089 1537; x_wconf 88' lang='lat'><strong>,</strong></span> <span class='ocrx_word' id='word_1_87' title='bbox 1113 1484 1172 1526; x_wconf 90' lang='lat' dir='ltr'><strong>ut</strong></span> <span class='ocrx_word' id='word_1_88' title='bbox 1193 1480 1238 1526; x_wconf 92' lang='lat' dir='ltr'><strong>si</strong></span> 
     </span>
     <span class='ocr_line' id='line_1_19' title="bbox 377 1536 1243 1607; baseline 0.008 -22"><span class='ocrx_word' id='word_1_89' title='bbox 377 1536 549 1607; x_wconf 79' lang='lat' dir='ltr'><strong>aliqua</strong></span> <span class='ocrx_word' id='word_1_90' title='bbox 567 1554 739 1589; x_wconf 90' lang='lat' dir='ltr'><strong>eorum</strong></span> <span class='ocrx_word' id='word_1_91' title='bbox 759 1556 849 1589; x_wconf 91' lang='lat' dir='ltr'><strong>suo</strong></span> <span class='ocrx_word' id='word_1_92' title='bbox 867 1540 977 1591; x_wconf 89' lang='lat' dir='ltr'><strong>loco</strong></span> <span class='ocrx_word' id='word_1_93' title='bbox 995 1541 1243 1592; x_wconf 75' lang='lat' dir='ltr'><strong>celebrari·</strong></span> 
     </span>
     <span class='ocr_line' id='line_1_20' title="bbox 378 1608 1237 1675; baseline 0.007 -23"><span class='ocrx_word' id='word_1_94' title='bbox 378 1613 664 1673; x_wconf 87' lang='lat' dir='ltr'><strong>nequeant,</strong></span> <span class='ocrx_word' id='word_1_95' title='bbox 687 1613 1077 1675; x_wconf 81' lang='lat' dir='ltr'><strong>transponantur</strong></span> <span class='ocrx_word' id='word_1_96' title='bbox 1103 1608 1237 1659; x_wconf 86' lang='lat' dir='ltr'><strong>ultra</strong></span> 
     </span>
     <span class='ocr_line' id='line_1_21' title="bbox 379 1668 1237 1744; baseline 0.008 -27"><span class='ocrx_word' id='word_1_97' title='bbox 379 1668 701 1722; x_wconf 81' lang='lat' dir='ltr'><strong>Dominicam</strong></span> <span class='ocrx_word' id='word_1_98' title='bbox 729 1676 1237 1744; x_wconf 81' lang='lat' dir='ltr'><strong>vigesimam-quar·-</strong></span> 
     </span>
     <span class='ocr_line' id='line_1_22' title="bbox 379 1738 1235 1805; baseline 0.009 -21"><span class='ocrx_word' id='word_1_99' title='bbox 379 1743 480 1785; x_wconf 87' lang='lat' dir='ltr'><strong>tam</strong></span> <span class='ocrx_word' id='word_1_100' title='bbox 498 1745 611 1805; x_wconf 89' lang='lat' dir='ltr'><strong>post</strong></span> <span class='ocrx_word' id='word_1_101' title='bbox 631 1738 976 1803; x_wconf 87' lang='lat' dir='ltr'><strong>Pentecosten,</strong></span> <span class='ocrx_word' id='word_1_102' title='bbox 990 1758 1049 1791; x_wconf 89' lang='lat' dir='ltr'><strong>eo</strong></span> <span class='ocrx_word' id='word_1_103' title='bbox 1059 1740 1235 1793; x_wconf 85' lang='lat' dir='ltr'><strong>ordine</strong></span> 
     </span>
     <span class='ocr_line' id='line_1_23' title="bbox 377 1805 1233 1871; baseline 0.008 -20"><span class='ocrx_word' id='word_1_104' title='bbox 377 1805 466 1871; x_wconf 88' lang='lat' dir='ltr'><strong>qui</strong></span> <span class='ocrx_word' id='word_1_105' title='bbox 501 1811 706 1854; x_wconf 89' lang='lat' dir='ltr'><strong>notatur</strong></span> <span class='ocrx_word' id='word_1_106' title='bbox 739 1807 884 1855; x_wconf 81' lang='lat' dir='ltr'><strong>Parte</strong></span> <span class='ocrx_word' id='word_1_107' title='bbox 918 1810 1233 1870; x_wconf 63' lang='lat' dir='ltr'><strong>mummuli,</strong></span> 
     </span>
     <span class='ocr_line' id='line_1_24' title="bbox 368 1871 1235 1940; baseline 0.01 -24"><span class='ocrx_word' id='word_1_108' title='bbox 368 1886 494 1933; x_wconf 79' lang='lat' dir='ltr'><strong>paq.</strong></span> <span class='ocrx_word' id='word_1_109' title='bbox 521 1872 638 1935; x_wconf 86' lang='lat'><strong>309.</strong></span> <span class='ocrx_word' id='word_1_110' title='bbox 663 1871 924 1940; x_wconf 85' lang='lat' dir='ltr'><strong>Contingit</strong></span> <span class='ocrx_word' id='word_1_111' title='bbox 940 1883 1106 1923; x_wconf 89' lang='lat' dir='ltr'><strong>autem</strong></span> <span class='ocrx_word' id='word_1_112' title='bbox 1131 1874 1235 1925; x_wconf 83' lang='lat' dir='ltr'><strong>ali-</strong></span> 
     </span>
     <span class='ocr_line' id='line_1_25' title="bbox 375 1934 1234 2003; baseline 0.008 -20"><span class='ocrx_word' id='word_1_113' title='bbox 375 1934 604 2003; x_wconf 81' lang='lat' dir='ltr'><strong>quand0,</strong></span> <span class='ocrx_word' id='word_1_114' title='bbox 641 1954 800 1987; x_wconf 86' lang='lat' dir='ltr'><strong>unum</strong></span> <span class='ocrx_word' id='word_1_115' title='bbox 831 1956 892 1988; x_wconf 82' lang='lat' dir='ltr'><strong>ex</strong></span> <span class='ocrx_word' id='word_1_116' title='bbox 923 1937 1004 1989; x_wconf 87' lang='lat' dir='ltr'><strong>his</strong></span> <span class='ocrx_word' id='word_1_117' title='bbox 1041 1938 1234 1990; x_wconf 81' lang='lat' dir='ltr'><strong>Officiis</strong></span> 
     </span>
     <span class='ocr_line' id='line_1_26' title="bbox 375 2003 1231 2073; baseline 0.009 -22"><span class='ocrx_word' id='word_1_118' title='bbox 375 2016 469 2052; x_wconf 89' lang='lat' dir='ltr'><strong>nec</strong></span> <span class='ocrx_word' id='word_1_119' title='bbox 481 2005 634 2054; x_wconf 90' lang='lat' dir='ltr'><strong>etiam</strong></span> <span class='ocrx_word' id='word_1_120' title='bbox 651 2012 762 2073; x_wconf 76' lang='lat' dir='ltr'><strong>post</strong></span> <span class='ocrx_word' id='word_1_121' title='bbox 770 2003 902 2056; x_wconf 88' lang='lat' dir='ltr'><strong>hanc</strong></span> <span class='ocrx_word' id='word_1_122' title='bbox 910 2005 1231 2060; x_wconf 84' lang='lat' dir='ltr'><strong>Dominicam</strong></span> 
     </span>
     <span class='ocr_line' id='line_1_27' title="bbox 375 2070 1231 2141; baseline 0.011 -24"><span class='ocrx_word' id='word_1_123' title='bbox 375 2070 923 2141; x_wconf 84' lang='lat' dir='ltr'><strong>vigesimam—quartam</strong></span> <span class='ocrx_word' id='word_1_124' title='bbox 943 2074 1108 2124; x_wconf 88' lang='lat' dir='ltr'><strong>locum</strong></span> <span class='ocrx_word' id='word_1_125' title='bbox 1133 2075 1231 2125; x_wconf 88' lang='lat' dir='ltr'><strong>ha-</strong></span> 
     </span>
     <span class='ocr_line' id='line_1_28' title="bbox 376 2132 1229 2209; baseline 0.011 -25"><span class='ocrx_word' id='word_1_126' title='bbox 376 2132 492 2206; x_wconf 75' lang='lat' dir='ltr'><strong>bere</strong></span> <span class='ocrx_word' id='word_1_127' title='bbox 590 2154 693 2201; x_wconf 80' lang='lat' dir='ltr'><strong>sse3</strong></span> <span class='ocrx_word' id='word_1_128' title='bbox 727 2149 946 2209; x_wconf 87' lang='lat' dir='ltr'><strong>tuncque</strong></span> <span class='ocrx_word' id='word_1_129' title='bbox 979 2140 1229 2204; x_wconf 86' lang='lat' dir='ltr'><strong>Sabbato,</strong></span> 
     </span>
     <span class='ocr_line' id='line_1_29' title="bbox 377 2205 1231 2272; baseline 0.011 -22"><span class='ocrx_word' id='word_1_130' title='bbox 377 2209 465 2251; x_wconf 78' lang='lat' dir='ltr'><strong>aut</strong></span> <span class='ocrx_word' id='word_1_131' title='bbox 493 2220 522 2251; x_wconf 90' lang='lat' dir='ltr'><strong>a</strong></span> <span class='ocrx_word' id='word_1_132' title='bbox 543 2205 593 2252; x_wconf 77' lang='lat' dir='ltr'><strong>ia</strong></span> <span class='ocrx_word' id='word_1_133' title='bbox 618 2208 918 2272; x_wconf 83' lang='lat' dir='ltr'><strong>proximiore</strong></span> <span class='ocrx_word' id='word_1_134' title='bbox 941 2206 1086 2258; x_wconf 72' lang='lat' dir='ltr'><strong>Fer-iti</strong></span> <span class='ocrx_word' id='word_1_135' title='bbox 1113 2217 1231 2259; x_wconf 85' lang='lat' dir='ltr'><strong>ante</strong></span> 
     </span>
     <span class='ocr_line' id='line_1_30' title="bbox 377 2265 1232 2352; baseline 0.011 -36"><span class='ocrx_word' id='word_1_136' title='bbox 377 2265 800 2352; x_wconf 69' lang='lat' dir='ltr'><strong>septuagesimam</strong></span> <span class='ocrx_word' id='word_1_137' title='bbox 819 2309 832 2333; x_wconf 97' lang='lat'><strong>,</strong></span> <span class='ocrx_word' id='word_1_138' title='bbox 855 2289 958 2323; x_wconf 90' lang='lat' dir='ltr'><strong>non</strong></span> <span class='ocrx_word' id='word_1_139' title='bbox 992 2279 1232 2343; x_wconf 81' lang='lat' dir='ltr'><strong>occupata</strong></span> 
     </span>
     <span class='ocr_line' id='line_1_31' title="bbox 377 2333 1230 2410; baseline 0.011 -27"><span class='ocrx_word' id='word_1_140' title='bbox 377 2333 524 2385; x_wconf 89' lang='lat' dir='ltr'><strong>Festo</strong></span> <span class='ocrx_word' id='word_1_141' title='bbox 551 2337 758 2387; x_wconf 71' lang='lat' dir='ltr'><strong>bemidu</strong></span> <span class='ocrx_word' id='word_1_142' title='bbox 793 2339 883 2389; x_wconf 85' lang='lat' dir='ltr'><strong>lici</strong></span> <span class='ocrx_word' id='word_1_143' title='bbox 903 2347 956 2390; x_wconf 89' lang='lat' dir='ltr'><strong>et</strong></span> <span class='ocrx_word' id='word_1_144' title='bbox 973 2340 1120 2410; x_wconf 69' lang='lat' dir='ltr'><strong>supra</strong></span> <span class='ocrx_word' id='word_1_145' title='bbox 1135 2379 1148 2403; x_wconf 89' lang='lat'><strong>,</strong></span> <span class='ocrx_word' id='word_1_146' title='bbox 1171 2343 1230 2392; x_wconf 84' lang='lat' dir='ltr'><strong>fit</strong></span> 
     </span>
     <span class='ocr_line' id='line_1_32' title="bbox 374 2398 1227 2470; baseline 0.011 -21"><span class='ocrx_word' id='word_1_147' title='bbox 374 2398 612 2452; x_wconf 84' lang='lat' dir='ltr'><strong>Officium</strong></span> <span class='ocrx_word' id='word_1_148' title='bbox 637 2402 700 2454; x_wconf 91' lang='lat' dir='ltr'><strong>de</strong></span> <span class='ocrx_word' id='word_1_149' title='bbox 778 2409 998 2456; x_wconf 89' lang='lat' dir='ltr'><strong>ominica</strong></span> <span class='ocrx_word' id='word_1_150' title='bbox 1026 2411 1227 2470; x_wconf 88' lang='lat' dir='ltr'><strong>omissa,</strong></span> 
     </span>
     <span class='ocr_line' id='line_1_33' title="bbox 375 2467 1230 2532; baseline 0.009 -16"><span class='ocrx_word' id='word_1_151' title='bbox 375 2468 479 2516; x_wconf 88' lang='lat' dir='ltr'><strong>ritu</strong></span> <span class='ocrx_word' id='word_1_152' title='bbox 499 2467 684 2532; x_wconf 76' lang='lat' dir='ltr'><strong>feriali3</strong></span> <span class='ocrx_word' id='word_1_153' title='bbox 707 2479 796 2521; x_wconf 84' lang='lat' dir='ltr'><strong>aut</strong></span> <span class='ocrx_word' id='word_1_154' title='bbox 814 2475 858 2522; x_wconf 88' lang='lat' dir='ltr'><strong>si</strong></span> <span class='ocrx_word' id='word_1_155' title='bbox 880 2473 1038 2522; x_wconf 84' lang='lat' dir='ltr'><strong>Feriae</strong></span> <span class='ocrx_word' id='word_1_156' title='bbox 1057 2491 1230 2524; x_wconf 87' lang='lat' dir='ltr'><strong>omnes</strong></span> 
     </span>
     <span class='ocr_line' id='line_1_34' title="bbox 377 2532 1230 2607; baseline 0.009 -25"><span class='ocrx_word' id='word_1_157' title='bbox 377 2532 715 2586; x_wconf 84' lang='lat' dir='ltr'><strong>Hebdomadis</strong></span> <span class='ocrx_word' id='word_1_158' title='bbox 771 2547 1079 2607; x_wconf 90' lang='lat' dir='ltr'><strong>occupentur</strong></span> <span class='ocrx_word' id='word_1_159' title='bbox 1100 2578 1113 2602; x_wconf 97' lang='lat'><strong>,</strong></span> <span class='ocrx_word' id='word_1_160' title='bbox 1169 2541 1230 2592; x_wconf 86' lang='lat' dir='ltr'><strong>fit</strong></span> 
     </span>
     <span class='ocr_line' id='line_1_35' title="bbox 373 2599 1231 2674; baseline 0.009 -25"><span class='ocrx_word' id='word_1_161' title='bbox 373 2599 786 2654; x_wconf 79' lang='lat' dir='ltr'><strong>commemoratio</strong></span> <span class='ocrx_word' id='word_1_162' title='bbox 807 2603 960 2674; x_wconf 83' lang='lat' dir='ltr'><strong>hujus</strong></span> <span class='ocrx_word' id='word_1_163' title='bbox 983 2606 1231 2658; x_wconf 88' lang='lat' dir='ltr'><strong>Domini—</strong></span> 
     </span>
     <span class='ocr_line' id='line_1_36' title="bbox 373 2667 1230 2723; baseline 0.007 -6"><span class='ocrx_word' id='word_1_164' title='bbox 373 2683 442 2718; x_wconf 79' lang='lat' dir='ltr'><strong>cae</strong></span> <span class='ocrx_word' id='word_1_165' title='bbox 463 2670 522 2717; x_wconf 91' lang='lat' dir='ltr'><strong>in</strong></span> <span class='ocrx_word' id='word_1_166' title='bbox 541 2667 720 2720; x_wconf 84' lang='lat' dir='ltr'><strong>Officio</strong></span> <span class='ocrx_word' id='word_1_167' title='bbox 747 2670 1002 2721; x_wconf 88' lang='lat' dir='ltr'><strong>Nocturno</strong></span> <span class='ocrx_word' id='word_1_168' title='bbox 1023 2681 1074 2722; x_wconf 89' lang='lat' dir='ltr'><strong>et</strong></span> <span class='ocrx_word' id='word_1_169' title='bbox 1095 2674 1230 2723; x_wconf 86' lang='lat' dir='ltr'><strong>Lau-</strong></span> 
     </span>
     <span class='ocr_line' id='line_1_37' title="bbox 370 2731 1228 2806; baseline 0.008 -24"><span class='ocrx_word' id='word_1_170' title='bbox 370 2731 521 2784; x_wconf 83' lang='lat' dir='ltr'><strong>dibus</strong></span> <span class='ocrx_word' id='word_1_171' title='bbox 559 2735 919 2806; x_wconf 87' lang='lat' dir='ltr'><strong>cujuscumque</strong></span> <span class='ocrx_word' id='word_1_172' title='bbox 975 2737 1113 2788; x_wconf 90' lang='lat' dir='ltr'><strong>Festi</strong></span> <span class='ocrx_word' id='word_1_173' title='bbox 1171 2743 1228 2789; x_wconf 89' lang='lat' dir='ltr'><strong>in</strong></span> 
     </span>
     <span class='ocr_line' id='line_1_38' title="bbox 372 2799 1231 2865; baseline 0.008 -17"><span class='ocrx_word' id='word_1_174' title='bbox 372 2799 593 2852; x_wconf 80' lang='lat' dir='ltr'><strong>Sabbato</strong></span> <span class='ocrx_word' id='word_1_175' title='bbox 608 2807 931 2865; x_wconf 87' lang='lat' dir='ltr'><strong>occurrentis,</strong></span> <span class='ocrx_word' id='word_1_176' title='bbox 950 2811 1009 2853; x_wconf 91' lang='lat' dir='ltr'><strong>ut</strong></span> <span class='ocrx_word' id='word_1_177' title='bbox 1025 2811 1231 2855; x_wconf 88' lang='lat' dir='ltr'><strong>notatur</strong></span> 
     </span>
     <span class='ocr_line' id='line_1_39' title="bbox 371 2867 1225 2932; baseline 0.006 -17"><span class='ocrx_word' id='word_1_178' title='bbox 371 2869 429 2915; x_wconf 91' lang='lat' dir='ltr'><strong>in</strong></span> <span class='ocrx_word' id='word_1_179' title='bbox 467 2867 754 2931; x_wconf 83' lang='lat' dir='ltr'><strong>Breviario,</strong></span> <span class='ocrx_word' id='word_1_180' title='bbox 799 2871 942 2918; x_wconf 83' lang='lat' dir='ltr'><strong>Parte</strong></span> <span class='ocrx_word' id='word_1_181' title='bbox 979 2871 1225 2932; x_wconf 77' lang='lat' dir='ltr'><strong>Hiemali‚</strong></span> 
     </span>
     <span class='ocr_line' id='line_1_40' title="bbox 363 2933 1229 3004; baseline 0.007 -23"><span class='ocrx_word' id='word_1_182' title='bbox 363 2951 422 2998; x_wconf 82' lang='lat' dir='ltr'><strong>p.</strong></span> <span class='ocrx_word' id='word_1_183' title='bbox 459 2933 575 2984; x_wconf 79' lang='lat'><strong>322.</strong></span> <span class='ocrx_word' id='word_1_184' title='bbox 602 2933 865 2985; x_wconf 89' lang='lat' dir='ltr'><strong>Interdum</strong></span> <span class='ocrx_word' id='word_1_185' title='bbox 899 2938 1051 2984; x_wconf 86' lang='lat' dir='ltr'><strong>etiam</strong></span> <span class='ocrx_word' id='word_1_186' title='bbox 1069 2973 1084 2999; x_wconf 92' lang='lat'><strong>,</strong></span> <span class='ocrx_word' id='word_1_187' title='bbox 1107 2953 1229 3004; x_wconf 90' lang='lat' dir='ltr'><strong>pro-</strong></span> 
     </span>
     <span class='ocr_line' id='line_1_41' title="bbox 370 3000 1230 3066; baseline 0.005 -16"><span class='ocrx_word' id='word_1_188' title='bbox 370 3008 480 3066; x_wconf 86' lang='lat' dir='ltr'><strong>pter</strong></span> <span class='ocrx_word' id='word_1_189' title='bbox 499 3016 756 3051; x_wconf 85' lang='lat' dir='ltr'><strong>occursum</strong></span> <span class='ocrx_word' id='word_1_190' title='bbox 777 3000 1058 3064; x_wconf 77' lang='lat' dir='ltr'><strong>Adventus,</strong></span> <span class='ocrx_word' id='word_1_191' title='bbox 1073 3006 1230 3054; x_wconf 87' lang='lat' dir='ltr'><strong>omit-</strong></span> 
     </span>
     <span class='ocr_line' id='line_1_42' title="bbox 369 3065 1228 3130; baseline 0.003 -14"><span class='ocrx_word' id='word_1_192' title='bbox 369 3065 580 3116; x_wconf 69' lang='lat' dir='ltr'><strong>tendum</strong></span> <span class='ocrx_word' id='word_1_193' title='bbox 599 3076 675 3130; x_wconf 75' lang='lat' dir='ltr'><strong>est</strong></span> <span class='ocrx_word' id='word_1_194' title='bbox 685 3066 922 3117; x_wconf 84' lang='lat' dir='ltr'><strong>Officium</strong></span> <span class='ocrx_word' id='word_1_195' title='bbox 944 3068 1228 3120; x_wconf 84' lang='lat' dir='ltr'><strong>Dominicae</strong></span> 
     </span>
     <span class='ocr_line' id='line_1_43' title="bbox 371 3133 1229 3203; baseline 0.005 -21"><span class='ocrx_word' id='word_1_196' title='bbox 371 3133 878 3202; x_wconf 79' lang='lat' dir='ltr'><strong>vigesimae—secundae</strong></span> <span class='ocrx_word' id='word_1_197' title='bbox 909 3144 1021 3203; x_wconf 90' lang='lat' dir='ltr'><strong>post</strong></span> <span class='ocrx_word' id='word_1_198' title='bbox 1043 3137 1229 3186; x_wconf 76' lang='lat' dir='ltr'><strong>Pente—-</strong></span> 
     </span>
     <span class='ocr_line' id='line_1_44' title="bbox 369 3198 1229 3269; baseline 0.005 -21"><span class='ocrx_word' id='word_1_199' title='bbox 369 3208 536 3249; x_wconf 81' lang='lat' dir='ltr'><strong>costen</strong></span> <span class='ocrx_word' id='word_1_200' title='bbox 554 3236 568 3260; x_wconf 93' lang='lat'><strong>,</strong></span> <span class='ocrx_word' id='word_1_201' title='bbox 589 3198 732 3269; x_wconf 87' lang='lat' dir='ltr'><strong>cujus</strong></span> <span class='ocrx_word' id='word_1_202' title='bbox 761 3201 870 3252; x_wconf 91' lang='lat' dir='ltr'><strong>loco</strong></span> <span class='ocrx_word' id='word_1_203' title='bbox 899 3205 1104 3269; x_wconf 88' lang='lat' dir='ltr'><strong>ponitur</strong></span> <span class='ocrx_word' id='word_1_204' title='bbox 1133 3201 1229 3252; x_wconf 87' lang='lat' dir='ltr'><strong>Of-</strong></span> 
     </span>
     <span class='ocr_line' id='line_1_45' title="bbox 369 3265 1229 3337; baseline 0.005 -23"><span class='ocrx_word' id='word_1_205' title='bbox 369 3265 540 3315; x_wconf 84' lang='lat' dir='ltr'><strong>ficium</strong></span> <span class='ocrx_word' id='word_1_206' title='bbox 556 3265 838 3318; x_wconf 83' lang='lat' dir='ltr'><strong>Dominicae</strong></span> <span class='ocrx_word' id='word_1_207' title='bbox 850 3271 1229 3337; x_wconf 66' lang='lat' dir='ltr'><strong>vigesimae—ter-</strong></span> 
     </span>
     <span class='ocr_line' id='line_1_46' title="bbox 368 3333 1226 3386; baseline 0.006 -6"><span class='ocrx_word' id='word_1_208' title='bbox 368 3333 471 3380; x_wconf 78' lang='lat' dir='ltr'><strong>tiae.</strong></span> <span class='ocrx_word' id='word_1_209' title='bbox 517 3333 618 3383; x_wconf 84' lang='lat' dir='ltr'><strong>Sed</strong></span> <span class='ocrx_word' id='word_1_210' title='bbox 659 3334 879 3385; x_wconf 82' lang='lat' dir='ltr'><strong>Sabbato</strong></span> <span class='ocrx_word' id='word_1_211' title='bbox 959 3334 1226 3386; x_wconf 84' lang='lat' dir='ltr'><strong>raecedenti</strong></span> 
     </span>
     <span class='ocr_line' id='line_1_47' title="bbox 369 3397 1227 3464; baseline 0.008 -19"><span class='ocrx_word' id='word_1_212' title='bbox 369 3397 430 3446; x_wconf 82' lang='lat' dir='ltr'><strong>fit</strong></span> <span class='ocrx_word' id='word_1_213' title='bbox 465 3397 700 3451; x_wconf 81' lang='lat' dir='ltr'><strong>Officium</strong></span> <span class='ocrx_word' id='word_1_214' title='bbox 714 3438 729 3464; x_wconf 91' lang='lat'><strong>,</strong></span> <span class='ocrx_word' id='word_1_215' title='bbox 750 3410 838 3452; x_wconf 90' lang='lat' dir='ltr'><strong>aut</strong></span> <span class='ocrx_word' id='word_1_216' title='bbox 867 3419 919 3452; x_wconf 84' lang='lat' dir='ltr'><strong>sa</strong></span> <span class='ocrx_word' id='word_1_217' title='bbox 945 3404 1044 3452; x_wconf 75' lang='lat' dir='ltr'><strong>tem</strong></span> <span class='ocrx_word' id='word_1_218' title='bbox 1070 3400 1227 3452; x_wconf 89' lang='lat' dir='ltr'><strong>Com-</strong></span> 
     </span>
     <span class='ocr_line' id='line_1_48' title="bbox 370 3467 1225 3537; baseline 0.004 -22"><span class='ocrx_word' id='word_1_219' title='bbox 370 3469 662 3518; x_wconf 78' lang='lat' dir='ltr'><strong>memoratio</strong></span> <span class='ocrx_word' id='word_1_220' title='bbox 728 3467 880 3537; x_wconf 87' lang='lat' dir='ltr'><strong>hujus</strong></span> <span class='ocrx_word' id='word_1_221' title='bbox 943 3468 1225 3519; x_wconf 82' lang='lat' dir='ltr'><strong>Dominicae</strong></span> 
     </span>
    </p>
   </div>
   <div class='ocr_carea' id='block_1_2' title="bbox 304 261 1612 305">
    <p class='ocr_par' dir='ltr' id='par_1_4' title="bbox 304 261 1612 305">
     <span class='ocr_line' id='line_1_49' title="bbox 304 261 1612 305; baseline 0.005 -7"><span class='ocrx_word' id='word_1_222' title='bbox 304 294 310 298; x_wconf 85' lang='lat'><em>.</em></span> <span class='ocrx_word' id='word_1_223' title='bbox 398 261 426 297; x_wconf 81' lang='lat'><em>2</em></span> <span class='ocrx_word' id='word_1_224' title='bbox 954 264 1274 303; x_wconf 63' lang='lat' dir='ltr'><strong>nunmcsnuu</strong></span> <span class='ocrx_word' id='word_1_225' title='bbox 1298 266 1612 305; x_wconf 58' lang='lat' dir='ltr'><strong>onustatum</strong></span> 
     </span>
    </p>
   </div>
   <div class='ocr_carea' id='block_1_3' title="bbox 1287 371 2221 3541">
    <p class='ocr_par' dir='ltr' id='par_1_5' title="bbox 1459 371 2045 517">
     <span class='ocr_line' id='line_1_50' title="bbox 1602 371 1890 411; baseline 0.003 -2"><span class='ocrx_word' id='word_1_226' title='bbox 1602 372 1799 410; x_wconf 75' lang='lat' dir='ltr'>CAPUT</span> <span class='ocrx_word' id='word_1_227' title='bbox 1823 371 1890 411; x_wconf 88' lang='lat'><strong>11.</strong></span> 
     </span>
     <span class='ocr_line' id='line_1_51' title="bbox 1459 452 2045 517; baseline 0.003 -18"><span class='ocrx_word' id='word_1_228' title='bbox 1459 452 1538 501; x_wconf 78' lang='lat' dir='ltr'><strong>De</strong></span> <span class='ocrx_word' id='word_1_229' title='bbox 1561 452 1730 504; x_wconf 77' lang='lat' dir='ltr'><strong>Feriis</strong></span> <span class='ocrx_word' id='word_1_230' title='bbox 1750 460 1801 502; x_wconf 80' lang='lat' dir='ltr'><strong>et</strong></span> <span class='ocrx_word' id='word_1_231' title='bbox 1822 453 2045 517; x_wconf 74' lang='lat' dir='ltr'><strong>Viqiliis.</strong></span> 
     </span>
    </p>

    <p class='ocr_par' dir='ltr' id='par_1_6' title="bbox 1313 540 2176 737">
     <span class='ocr_line' id='line_1_52' title="bbox 1379 540 2174 605; baseline 0 -12"><span class='ocrx_word' id='word_1_232' title='bbox 1379 542 1429 593; x_wconf 90' lang='lat'><strong>8.</strong></span> <span class='ocrx_word' id='word_1_233' title='bbox 1445 541 1571 593; x_wconf 90' lang='lat' dir='ltr'><strong>Dies</strong></span> <span class='ocrx_word' id='word_1_234' title='bbox 1584 540 1931 605; x_wconf 77' lang='lat' dir='ltr'><strong>hebdomadae,</strong></span> <span class='ocrx_word' id='word_1_235' title='bbox 1944 558 2174 593; x_wconf 84' lang='lat' dir='ltr'><strong>sermone</strong></span> 
     </span>
     <span class='ocr_line' id='line_1_53' title="bbox 1314 608 2176 672; baseline 0.003 -14"><span class='ocrx_word' id='word_1_236' title='bbox 1314 608 1646 660; x_wconf 87' lang='lat' dir='ltr'><strong>ecclesiastico</strong></span> <span class='ocrx_word' id='word_1_237' title='bbox 1659 647 1673 671; x_wconf 89' lang='lat'>‚</span> <span class='ocrx_word' id='word_1_238' title='bbox 1710 618 1955 661; x_wconf 82' lang='lat' dir='ltr'><strong>vocantur</strong></span> <span class='ocrx_word' id='word_1_239' title='bbox 1980 611 2176 672; x_wconf 64' lang='lat' dir='ltr'><strong>Fer-im,</strong></span> 
     </span>
     <span class='ocr_line' id='line_1_54' title="bbox 1313 674 2175 737; baseline 0 -12"><span class='ocrx_word' id='word_1_240' title='bbox 1313 683 1364 725; x_wconf 88' lang='lat' dir='ltr'><strong>et</strong></span> <span class='ocrx_word' id='word_1_241' title='bbox 1384 677 1557 725; x_wconf 89' lang='lat' dir='ltr'><strong>unicui</strong></span> <span class='ocrx_word' id='word_1_242' title='bbox 1634 693 1661 725; x_wconf 91' lang='lat' dir='ltr'><strong>e</strong></span> <span class='ocrx_word' id='word_1_243' title='bbox 1676 713 1691 737; x_wconf 97' lang='lat'><strong>,</strong></span> <span class='ocrx_word' id='word_1_244' title='bbox 1710 685 1815 725; x_wconf 86' lang='lat' dir='ltr'><strong>tam</strong></span> <span class='ocrx_word' id='word_1_245' title='bbox 1844 678 1903 725; x_wconf 90' lang='lat' dir='ltr'><strong>in</strong></span> <span class='ocrx_word' id='word_1_246' title='bbox 1928 674 2175 725; x_wconf 87' lang='lat' dir='ltr'><strong>Psalterio</strong></span> 
     </span>
    </p>

    <p class='ocr_par' dir='ltr' id='par_1_7' title="bbox 1311 740 2174 936">
     <span class='ocr_line' id='line_1_55' title="bbox 1348 740 2174 811; baseline -0.001 -19"><span class='ocrx_word' id='word_1_247' title='bbox 1348 742 1462 792; x_wconf 73' lang='lat' dir='ltr'><strong>uam</strong></span> <span class='ocrx_word' id='word_1_248' title='bbox 1494 744 1552 791; x_wconf 90' lang='lat' dir='ltr'><strong>in</strong></span> <span class='ocrx_word' id='word_1_249' title='bbox 1622 745 1788 810; x_wconf 85' lang='lat' dir='ltr'><strong>roprio</strong></span> <span class='ocrx_word' id='word_1_250' title='bbox 1814 740 1877 793; x_wconf 92' lang='lat' dir='ltr'><strong>de</strong></span> <span class='ocrx_word' id='word_1_251' title='bbox 1906 741 2174 811; x_wconf 84' lang='lat' dir='ltr'><strong>Tempore,</strong></span> 
     </span>
     <span class='ocr_line' id='line_1_56' title="bbox 1311 806 2173 879; baseline 0 -22"><span class='ocrx_word' id='word_1_252' title='bbox 1311 826 1339 857; x_wconf 92' lang='lat' dir='ltr'><strong>a</strong></span> <span class='ocrx_word' id='word_1_253' title='bbox 1362 806 1519 879; x_wconf 88' lang='lat' dir='ltr'><strong>iquod</strong></span> <span class='ocrx_word' id='word_1_254' title='bbox 1573 807 1809 859; x_wconf 86' lang='lat' dir='ltr'><strong>Officium</strong></span> <span class='ocrx_word' id='word_1_255' title='bbox 1864 811 2173 877; x_wconf 82' lang='lat' dir='ltr'><strong>assignatum</strong></span> 
     </span>
     <span class='ocr_line' id='line_1_57' title="bbox 1312 874 2015 936; baseline -0.001 -11"><span class='ocrx_word' id='word_1_256' title='bbox 1312 885 1385 925; x_wconf 91' lang='lat' dir='ltr'><strong>est</strong></span> <span class='ocrx_word' id='word_1_257' title='bbox 1402 912 1415 936; x_wconf 93' lang='lat'><strong>,</strong></span> <span class='ocrx_word' id='word_1_258' title='bbox 1476 874 1577 925; x_wconf 88' lang='lat' dir='ltr'><strong>uod</strong></span> <span class='ocrx_word' id='word_1_259' title='bbox 1592 877 1791 925; x_wconf 75' lang='lat' dir='ltr'><strong>Fer-iate</strong></span> <span class='ocrx_word' id='word_1_260' title='bbox 1808 874 2015 925; x_wconf 85' lang='lat' dir='ltr'><strong>dicitur.</strong></span> 
     </span>
    </p>

    <p class='ocr_par' dir='ltr' id='par_1_8' title="bbox 1308 940 2175 1325">
     <span class='ocr_line' id='line_1_58' title="bbox 1378 940 2173 992; baseline -0.001 -1"><span class='ocrx_word' id='word_1_261' title='bbox 1378 942 1422 991; x_wconf 92' lang='grc' dir='ltr'>Ο</span> <span class='ocrx_word' id='word_1_262' title='bbox 1479 945 1615 992; x_wconf 87' lang='lat' dir='ltr'><strong>cium</strong></span> <span class='ocrx_word' id='word_1_263' title='bbox 1638 940 1831 992; x_wconf 80' lang='lat' dir='ltr'><strong>Feriale</strong></span> <span class='ocrx_word' id='word_1_264' title='bbox 1859 944 1962 992; x_wconf 73' lang='lat' dir='ltr'><strong>inc·</strong></span> <span class='ocrx_word' id='word_1_265' title='bbox 2002 944 2048 991; x_wconf 88' lang='lat' dir='ltr'><strong>it</strong></span> <span class='ocrx_word' id='word_1_266' title='bbox 2075 940 2173 990; x_wconf 89' lang='lat' dir='ltr'><strong>ubi</strong></span> 
     </span>
     <span class='ocr_line' id='line_1_59' title="bbox 1309 1006 2175 1077; baseline -0.003 -18"><span class='ocrx_word' id='word_1_267' title='bbox 1309 1007 1500 1059; x_wconf 85' lang='lat' dir='ltr'><strong>desinit</strong></span> <span class='ocrx_word' id='word_1_268' title='bbox 1522 1006 1757 1058; x_wconf 83' lang='lat' dir='ltr'><strong>Officium</strong></span> <span class='ocrx_word' id='word_1_269' title='bbox 1788 1024 1944 1077; x_wconf 81' lang='lat' dir='ltr'><strong>praece</strong></span> <span class='ocrx_word' id='word_1_270' title='bbox 1981 1024 2069 1057; x_wconf 88' lang='lat' dir='ltr'><strong>ens</strong></span> <span class='ocrx_word' id='word_1_271' title='bbox 2082 1043 2097 1069; x_wconf 92' lang='lat'><strong>,</strong></span> <span class='ocrx_word' id='word_1_272' title='bbox 2118 1015 2175 1057; x_wconf 78' lang='lat' dir='ltr'><strong>et</strong></span> 
     </span>
     <span class='ocr_line' id='line_1_60' title="bbox 1314 1074 2174 1125; baseline -0.002 -1"><span class='ocrx_word' id='word_1_273' title='bbox 1314 1080 1610 1125; x_wconf 86' lang='lat' dir='ltr'><strong>terminatur</strong></span> <span class='ocrx_word' id='word_1_274' title='bbox 1654 1074 1746 1125; x_wconf 91' lang='lat' dir='ltr'><strong>ubi</strong></span> <span class='ocrx_word' id='word_1_275' title='bbox 1792 1074 2029 1125; x_wconf 86' lang='lat' dir='ltr'><strong>Officium</strong></span> <span class='ocrx_word' id='word_1_276' title='bbox 2084 1090 2174 1123; x_wconf 89' lang='lat' dir='ltr'><strong>se-</strong></span> 
     </span>
     <span class='ocr_line' id='line_1_61' title="bbox 1309 1137 2173 1211; baseline -0.005 -19"><span class='ocrx_word' id='word_1_277' title='bbox 1309 1145 1514 1211; x_wconf 89' lang='lat' dir='ltr'><strong>quentis</strong></span> <span class='ocrx_word' id='word_1_278' title='bbox 1542 1140 1649 1191; x_wconf 88' lang='lat' dir='ltr'><strong>diei</strong></span> <span class='ocrx_word' id='word_1_279' title='bbox 1667 1144 1868 1211; x_wconf 89' lang='lat' dir='ltr'><strong>incipit.</strong></span> <span class='ocrx_word' id='word_1_280' title='bbox 1906 1141 2016 1191; x_wconf 86' lang='lat' dir='ltr'><strong>Hoc</strong></span> <span class='ocrx_word' id='word_1_281' title='bbox 2035 1137 2173 1189; x_wconf 83' lang='lat' dir='ltr'><strong>Offi-</strong></span> 
     </span>
     <span class='ocr_line' id='line_1_62' title="bbox 1308 1207 2173 1276; baseline -0.002 -18"><span class='ocrx_word' id='word_1_282' title='bbox 1308 1212 1447 1258; x_wconf 89' lang='lat' dir='ltr'><strong>cium</strong></span> <span class='ocrx_word' id='word_1_283' title='bbox 1476 1207 1655 1258; x_wconf 89' lang='lat' dir='ltr'><strong>iisdem</strong></span> <span class='ocrx_word' id='word_1_284' title='bbox 1676 1216 1791 1258; x_wconf 89' lang='lat' dir='ltr'><strong>octo</strong></span> <span class='ocrx_word' id='word_1_285' title='bbox 1830 1215 2026 1259; x_wconf 84' lang='lat' dir='ltr'><strong>constat</strong></span> <span class='ocrx_word' id='word_1_286' title='bbox 2050 1222 2173 1276; x_wconf 82' lang='lat' dir='ltr'><strong>par-</strong></span> 
     </span>
     <span class='ocr_line' id='line_1_63' title="bbox 1309 1273 1886 1325; baseline 0.002 -2"><span class='ocrx_word' id='word_1_287' title='bbox 1309 1274 1446 1325; x_wconf 91' lang='lat' dir='ltr'><strong>tibus</strong></span> <span class='ocrx_word' id='word_1_288' title='bbox 1462 1292 1520 1325; x_wconf 90' lang='lat' dir='ltr'><strong>ac</strong></span> <span class='ocrx_word' id='word_1_289' title='bbox 1548 1273 1886 1325; x_wconf 85' lang='lat' dir='ltr'><strong>Dominicale.</strong></span> 
     </span>
    </p>

    <p class='ocr_par' dir='ltr' id='par_1_9' title="bbox 1306 1339 2171 1532">
     <span class='ocr_line' id='line_1_64' title="bbox 1373 1339 2171 1407; baseline -0.004 -16"><span class='ocrx_word' id='word_1_290' title='bbox 1373 1356 1425 1407; x_wconf 86' lang='lat'><strong>9.</strong></span> <span class='ocrx_word' id='word_1_291' title='bbox 1472 1341 1613 1391; x_wconf 85' lang='lat' dir='ltr'><strong>Inter</strong></span> <span class='ocrx_word' id='word_1_292' title='bbox 1648 1340 1687 1390; x_wconf 90' lang='lat' dir='ltr'><strong>F</strong></span> <span class='ocrx_word' id='word_1_293' title='bbox 1689 1343 1817 1391; x_wconf 85' lang='lat' dir='ltr'><strong>erias</strong></span> <span class='ocrx_word' id='word_1_294' title='bbox 1835 1378 1848 1403; x_wconf 93' lang='lat'><strong>,</strong></span> <span class='ocrx_word' id='word_1_295' title='bbox 1901 1339 2015 1390; x_wconf 82' lang='lat' dir='ltr'><strong>aliae</strong></span> <span class='ocrx_word' id='word_1_296' title='bbox 2046 1346 2171 1389; x_wconf 86' lang='lat' dir='ltr'><strong>sunt</strong></span> 
     </span>
     <span class='ocr_line' id='line_1_65' title="bbox 1308 1405 2169 1487; baseline -0.002 -31"><span class='ocrx_word' id='word_1_297' title='bbox 1308 1411 1535 1487; x_wconf 55' lang='grc' dir='ltr'><strong>πυξίον-οε,</strong></span> <span class='ocrx_word' id='word_1_298' title='bbox 1557 1424 1645 1457; x_wconf 82' lang='lat' dir='ltr'><strong>seu</strong></span> <span class='ocrx_word' id='word_1_299' title='bbox 1656 1410 2030 1473; x_wconf 53' lang='lat' dir='ltr'><strong>pria-ilmina,-</strong></span> <span class='ocrx_word' id='word_1_300' title='bbox 2051 1405 2169 1455; x_wconf 84' lang='lat' dir='ltr'><strong>aliae</strong></span> 
     </span>
     <span class='ocr_line' id='line_1_66' title="bbox 1306 1489 1949 1532; baseline -0.002 -11"><span class='ocrx_word' id='word_1_301' title='bbox 1306 1490 1536 1532; x_wconf 66' lang='lat' dir='ltr'><strong>muneres,</strong></span> <span class='ocrx_word' id='word_1_302' title='bbox 1558 1491 1644 1523; x_wconf 88' lang='lat' dir='ltr'><strong>seu</strong></span> <span class='ocrx_word' id='word_1_303' title='bbox 1664 1489 1949 1522; x_wconf 83' lang='lat' dir='ltr'><strong>communes.</strong></span> 
     </span>
    </p>

    <p class='ocr_par' dir='ltr' id='par_1_10' title="bbox 1304 1537 2221 1989">
     <span class='ocr_line' id='line_1_67' title="bbox 1376 1537 2169 1609; baseline 0 -21"><span class='ocrx_word' id='word_1_304' title='bbox 1376 1537 1532 1588; x_wconf 81' lang='lat' dir='ltr'><strong>Feriae</strong></span> <span class='ocrx_word' id='word_1_305' title='bbox 1560 1542 1767 1609; x_wconf 78' lang='lat' dir='ltr'><strong>majores</strong></span> <span class='ocrx_word' id='word_1_306' title='bbox 1785 1540 1845 1587; x_wconf 89' lang='lat' dir='ltr'><strong>in</strong></span> <span class='ocrx_word' id='word_1_307' title='bbox 1868 1546 1965 1589; x_wconf 86' lang='lat' dir='ltr'><strong>tres</strong></span> <span class='ocrx_word' id='word_1_308' title='bbox 1985 1537 2169 1589; x_wconf 76' lang='lat' dir='ltr'><strong>classes</strong></span> 
     </span>
     <span class='ocr_line' id='line_1_68' title="bbox 1306 1603 2221 1656; baseline 0 -2"><span class='ocrx_word' id='word_1_309' title='bbox 1306 1603 1624 1656; x_wconf 84' lang='lat' dir='ltr'><strong>dividuntur.</strong></span> <span class='ocrx_word' id='word_1_310' title='bbox 1679 1604 1845 1653; x_wconf 90' lang='lat' dir='ltr'><strong>Prima</strong></span> <span class='ocrx_word' id='word_1_311' title='bbox 1881 1604 2050 1654; x_wconf 87' lang='lat' dir='ltr'><strong>classis</strong></span> <span class='ocrx_word' id='word_1_312' title='bbox 2090 1614 2169 1655; x_wconf 88' lang='lat' dir='ltr'><strong>est</strong></span> <span class='ocrx_word' id='word_1_313' title='bbox 2208 1608 2221 1617; x_wconf 81' lang='grc'><strong>“</strong></span> 
     </span>
     <span class='ocr_line' id='line_1_69' title="bbox 1306 1670 2167 1743; baseline 0 -22"><span class='ocrx_word' id='word_1_314' title='bbox 1306 1689 1475 1721; x_wconf 89' lang='lat' dir='ltr'><strong>earum</strong></span> <span class='ocrx_word' id='word_1_315' title='bbox 1514 1690 1628 1743; x_wconf 82' lang='lat' dir='ltr'><strong>quae</strong></span> <span class='ocrx_word' id='word_1_316' title='bbox 1674 1670 1873 1720; x_wconf 91' lang='lat' dir='ltr'><strong>nullum</strong></span> <span class='ocrx_word' id='word_1_317' title='bbox 1927 1670 2167 1722; x_wconf 85' lang='lat' dir='ltr'><strong>Officium</strong></span> 
     </span>
     <span class='ocr_line' id='line_1_70' title="bbox 1306 1735 2167 1807; baseline -0.001 -20"><span class='ocrx_word' id='word_1_318' title='bbox 1306 1738 1603 1800; x_wconf 86' lang='lat' dir='ltr'><strong>admittunt,</strong></span> <span class='ocrx_word' id='word_1_319' title='bbox 1624 1735 1982 1807; x_wconf 78' lang='lat' dir='ltr'><strong>cujuscumque</strong></span> <span class='ocrx_word' id='word_1_320' title='bbox 2004 1740 2072 1787; x_wconf 85' lang='lat' dir='ltr'><strong>sit</strong></span> <span class='ocrx_word' id='word_1_321' title='bbox 2088 1741 2167 1787; x_wconf 86' lang='lat' dir='ltr'><strong>ri·-</strong></span> 
     </span>
     <span class='ocr_line' id='line_1_71' title="bbox 1307 1802 2167 1873; baseline -0.002 -18"><span class='ocrx_word' id='word_1_322' title='bbox 1307 1806 1387 1855; x_wconf 75' lang='lat' dir='ltr'><strong>tus</strong></span> <span class='ocrx_word' id='word_1_323' title='bbox 1411 1814 1464 1855; x_wconf 90' lang='lat' dir='ltr'><strong>et</strong></span> <span class='ocrx_word' id='word_1_324' title='bbox 1480 1805 1774 1873; x_wconf 80' lang='lat' dir='ltr'><strong>dignitatis3</strong></span> <span class='ocrx_word' id='word_1_325' title='bbox 1808 1804 1951 1854; x_wconf 87' lang='lat' dir='ltr'><strong>Feria</strong></span> <span class='ocrx_word' id='word_1_326' title='bbox 1970 1802 2167 1853; x_wconf 80' lang='lat' dir='ltr'><strong>scilicet</strong></span> 
     </span>
     <span class='ocr_line' id='line_1_72' title="bbox 1304 1870 2167 1941; baseline -0.002 -20"><span class='ocrx_word' id='word_1_327' title='bbox 1304 1881 1481 1941; x_wconf 89' lang='lat' dir='ltr'><strong>quarta</strong></span> <span class='ocrx_word' id='word_1_328' title='bbox 1498 1872 1733 1921; x_wconf 87' lang='lat' dir='ltr'><strong>Cinerum</strong></span> <span class='ocrx_word' id='word_1_329' title='bbox 1756 1908 1771 1933; x_wconf 90' lang='lat'><strong>,</strong></span> <span class='ocrx_word' id='word_1_330' title='bbox 1794 1888 1852 1921; x_wconf 89' lang='lat' dir='ltr'><strong>ac</strong></span> <span class='ocrx_word' id='word_1_331' title='bbox 1875 1870 1915 1920; x_wconf 91' lang='lat' dir='ltr'><strong>F</strong></span> <span class='ocrx_word' id='word_1_332' title='bbox 1916 1874 2033 1921; x_wconf 82' lang='lat' dir='ltr'><strong>eriae</strong></span> <span class='ocrx_word' id='word_1_333' title='bbox 2052 1886 2167 1920; x_wconf 80' lang='lat' dir='ltr'><strong>om·-</strong></span> 
     </span>
     <span class='ocr_line' id='line_1_73' title="bbox 1304 1937 1971 1989; baseline -0.001 -2"><span class='ocrx_word' id='word_1_334' title='bbox 1304 1954 1392 1988; x_wconf 89' lang='lat' dir='ltr'><strong>nes</strong></span> <span class='ocrx_word' id='word_1_335' title='bbox 1414 1937 1749 1989; x_wconf 78' lang='lat' dir='ltr'><strong>Hebdomadas</strong></span> <span class='ocrx_word' id='word_1_336' title='bbox 1772 1948 1971 1987; x_wconf 81' lang='lat' dir='ltr'><strong>sanctae.</strong></span> 
     </span>
    </p>

    <p class='ocr_par' dir='ltr' id='par_1_11' title="bbox 1302 2004 2164 2199">
     <span class='ocr_line' id='line_1_74' title="bbox 1370 2004 2163 2072; baseline -0.003 -17"><span class='ocrx_word' id='word_1_337' title='bbox 1370 2004 1452 2056; x_wconf 87' lang='lat' dir='ltr'><strong>Ad</strong></span> <span class='ocrx_word' id='word_1_338' title='bbox 1495 2004 1763 2056; x_wconf 81' lang='lat' dir='ltr'><strong>secundam</strong></span> <span class='ocrx_word' id='word_1_339' title='bbox 1800 2004 2005 2055; x_wconf 88' lang='lat' dir='ltr'><strong>classem</strong></span> <span class='ocrx_word' id='word_1_340' title='bbox 2039 2019 2163 2072; x_wconf 81' lang='lat' dir='ltr'><strong>per-</strong></span> 
     </span>
     <span class='ocr_line' id='line_1_75' title="bbox 1304 2069 2164 2123; baseline 0.001 -3"><span class='ocrx_word' id='word_1_341' title='bbox 1304 2075 1472 2122; x_wconf 89' lang='lat' dir='ltr'><strong>tinent</strong></span> <span class='ocrx_word' id='word_1_342' title='bbox 1494 2073 1649 2123; x_wconf 82' lang='lat' dir='ltr'><strong>Feriae</strong></span> <span class='ocrx_word' id='word_1_343' title='bbox 1665 2071 1928 2122; x_wconf 69' lang='lat' dir='ltr'><strong>Adventus</strong></span> <span class='ocrx_word' id='word_1_344' title='bbox 1948 2071 1977 2120; x_wconf 71' lang='lat' dir='ltr'><strong>a</strong></span> <span class='ocrx_word' id='word_1_345' title='bbox 1993 2069 2077 2120; x_wconf 91' lang='lat' dir='ltr'><strong>die</strong></span> <span class='ocrx_word' id='word_1_346' title='bbox 2098 2072 2164 2121; x_wconf 76' lang='lat'><strong>¹6</strong></span> 
     </span>
     <span class='ocr_line' id='line_1_76' title="bbox 1302 2137 2161 2199; baseline 0 -13"><span class='ocrx_word' id='word_1_347' title='bbox 1302 2138 1365 2188; x_wconf 85' lang='lat' dir='ltr'><strong>ad</strong></span> <span class='ocrx_word' id='word_1_348' title='bbox 1385 2138 1520 2190; x_wconf 90' lang='lat' dir='ltr'><strong>diem</strong></span> <span class='ocrx_word' id='word_1_349' title='bbox 1542 2141 1606 2190; x_wconf 80' lang='lat'><strong>23</strong></span> <span class='ocrx_word' id='word_1_350' title='bbox 1628 2138 1920 2189; x_wconf 88' lang='lat' dir='ltr'><strong>Decembris</strong></span> <span class='ocrx_word' id='word_1_351' title='bbox 1935 2175 1949 2199; x_wconf 94' lang='lat'><strong>,</strong></span> <span class='ocrx_word' id='word_1_352' title='bbox 1972 2137 2161 2195; x_wconf 71' lang='lat' dir='ltr'><strong>Feriae-</strong></span> 
     </span>
    </p>

    <p class='ocr_par' dir='ltr' id='par_1_12' title="bbox 1298 2205 2163 2873">
     <span class='ocr_line' id='line_1_77' title="bbox 1338 2205 2163 2273; baseline -0.005 -17"><span class='ocrx_word' id='word_1_353' title='bbox 1338 2223 1400 2256; x_wconf 87' lang='lat' dir='ltr'><strong>ue</strong></span> <span class='ocrx_word' id='word_1_354' title='bbox 1426 2223 1599 2256; x_wconf 88' lang='lat' dir='ltr'><strong>omnes</strong></span> <span class='ocrx_word' id='word_1_355' title='bbox 1621 2205 1649 2254; x_wconf 76' lang='grc' dir='ltr'>ὲ</span> <span class='ocrx_word' id='word_1_356' title='bbox 1673 2205 1817 2255; x_wconf 86' lang='lat' dir='ltr'><strong>Feria</strong></span> <span class='ocrx_word' id='word_1_357' title='bbox 1838 2207 2019 2273; x_wconf 86' lang='lat' dir='ltr'><strong>quinta</strong></span> <span class='ocrx_word' id='word_1_358' title='bbox 2116 2212 2163 2252; x_wconf 75' lang='lat' dir='ltr'><strong>st</strong></span> 
     </span>
     <span class='ocr_line' id='line_1_78' title="bbox 1300 2223 2163 2322; baseline -0.005 0"><span class='ocrx_word' id='word_1_359' title='bbox 1300 2223 1502 2322; x_wconf 52' lang='lat' dir='ltr'><strong>gineres</strong></span> <span class='ocrx_word' id='word_1_360' title='bbox 1521 2272 1585 2321; x_wconf 89' lang='lat' dir='ltr'><strong>ad</strong></span> <span class='ocrx_word' id='word_1_361' title='bbox 1605 2271 1877 2322; x_wconf 88' lang='lat' dir='ltr'><strong>Sabbatum</strong></span> <span class='ocrx_word' id='word_1_362' title='bbox 1900 2279 2017 2320; x_wconf 89' lang='lat' dir='ltr'><strong>ante</strong></span> <span class='ocrx_word' id='word_1_363' title='bbox 2062 2269 2163 2318; x_wconf 85' lang='lat' dir='ltr'><strong>’al-</strong></span> 
     </span>
     <span class='ocr_line' id='line_1_79' title="bbox 1302 2334 2161 2402; baseline -0.006 -13"><span class='ocrx_word' id='word_1_364' title='bbox 1302 2356 1433 2402; x_wconf 71' lang='lat' dir='ltr'><strong>mas,</strong></span> <span class='ocrx_word' id='word_1_365' title='bbox 1466 2349 1519 2389; x_wconf 88' lang='lat' dir='ltr'><strong>et</strong></span> <span class='ocrx_word' id='word_1_366' title='bbox 1544 2337 1821 2389; x_wconf 81' lang='lat' dir='ltr'><strong>excludunt</strong></span> <span class='ocrx_word' id='word_1_367' title='bbox 1840 2334 2018 2386; x_wconf 85' lang='lat' dir='ltr'><strong>Officia</strong></span> <span class='ocrx_word' id='word_1_368' title='bbox 2082 2352 2161 2385; x_wconf 81' lang='lat' dir='ltr'><strong>uae</strong></span> 
     </span>
     <span class='ocr_line' id='line_1_80' title="bbox 1301 2403 2163 2455; baseline -0.003 0"><span class='ocrx_word' id='word_1_369' title='bbox 1301 2408 1357 2455; x_wconf 88' lang='lat' dir='ltr'><strong>in</strong></span> <span class='ocrx_word' id='word_1_370' title='bbox 1377 2405 1663 2455; x_wconf 90' lang='lat' dir='ltr'><strong>Dominicis</strong></span> <span class='ocrx_word' id='word_1_371' title='bbox 1678 2403 2031 2454; x_wconf 88' lang='lat' dir='ltr'><strong>communibus</strong></span> <span class='ocrx_word' id='word_1_372' title='bbox 2086 2406 2163 2452; x_wconf 76' lang='lat' dir='ltr'><strong>eri</strong></span> 
     </span>
     <span class='ocr_line' id='line_1_81' title="bbox 1299 2469 2163 2542; baseline -0.005 -21"><span class='ocrx_word' id='word_1_373' title='bbox 1299 2479 1575 2542; x_wconf 86' lang='lat' dir='ltr'><strong>nequeunt.</strong></span> <span class='ocrx_word' id='word_1_374' title='bbox 1594 2470 1673 2521; x_wconf 92' lang='lat' dir='ltr'><strong>De</strong></span> <span class='ocrx_word' id='word_1_375' title='bbox 1694 2469 1775 2520; x_wconf 90' lang='lat' dir='ltr'><strong>his</strong></span> <span class='ocrx_word' id='word_1_376' title='bbox 1796 2469 1976 2530; x_wconf 86' lang='lat' dir='ltr'><strong>Feriis,</strong></span> <span class='ocrx_word' id='word_1_377' title='bbox 2000 2481 2163 2538; x_wconf 86' lang='lat' dir='ltr'><strong>quan-</strong></span> 
     </span>
     <span class='ocr_line' id='line_1_82' title="bbox 1298 2533 2162 2606; baseline -0.005 -19"><span class='ocrx_word' id='word_1_378' title='bbox 1298 2536 1363 2589; x_wconf 91' lang='lat' dir='ltr'><strong>do</strong></span> <span class='ocrx_word' id='word_1_379' title='bbox 1390 2541 1861 2606; x_wconf 63' lang='lat' dir='ltr'><strong>praetermittuntur,</strong></span> <span class='ocrx_word' id='word_1_380' title='bbox 1884 2551 2077 2603; x_wconf 85' lang='lat' dir='ltr'><strong>semper</strong></span> <span class='ocrx_word' id='word_1_381' title='bbox 2100 2533 2162 2584; x_wconf 81' lang='lat' dir='ltr'><strong>fit</strong></span> 
     </span>
     <span class='ocr_line' id='line_1_83' title="bbox 1300 2600 2162 2669; baseline -0.006 -15"><span class='ocrx_word' id='word_1_382' title='bbox 1300 2604 1715 2654; x_wconf 88' lang='lat' dir='ltr'><strong>Commemoratio</strong></span> <span class='ocrx_word' id='word_1_383' title='bbox 1736 2604 1822 2669; x_wconf 82' lang='lat' dir='ltr'><strong>(in</strong></span> <span class='ocrx_word' id='word_1_384' title='bbox 1854 2600 2033 2651; x_wconf 88' lang='lat' dir='ltr'><strong>Officio</strong></span> <span class='ocrx_word' id='word_1_385' title='bbox 2056 2601 2095 2651; x_wconf 90' lang='lat' dir='ltr'><strong>N</strong></span> <span class='ocrx_word' id='word_1_386' title='bbox 2102 2617 2162 2650; x_wconf 84' lang='lat' dir='ltr'><strong>o-</strong></span> 
     </span>
     <span class='ocr_line' id='line_1_84' title="bbox 1298 2667 2157 2734; baseline -0.006 -14"><span class='ocrx_word' id='word_1_387' title='bbox 1298 2679 1477 2722; x_wconf 86' lang='lat' dir='ltr'><strong>cturno</strong></span> <span class='ocrx_word' id='word_1_388' title='bbox 1494 2709 1507 2732; x_wconf 96' lang='lat'><strong>,</strong></span> <span class='ocrx_word' id='word_1_389' title='bbox 1550 2675 1593 2720; x_wconf 91' lang='lat' dir='ltr'><strong>si</strong></span> <span class='ocrx_word' id='word_1_390' title='bbox 1651 2669 1783 2720; x_wconf 85' lang='lat' dir='ltr'><strong>adsit</strong></span> <span class='ocrx_word' id='word_1_391' title='bbox 1824 2668 1983 2734; x_wconf 49' lang='lat' dir='ltr'><strong>Evanx</strong></span> <span class='ocrx_word' id='word_1_392' title='bbox 1999 2667 2157 2717; x_wconf 87' lang='lat' dir='ltr'><strong>elium</strong></span> 
     </span>
     <span class='ocr_line' id='line_1_85' title="bbox 1298 2733 2161 2804; baseline -0.005 -17"><span class='ocrx_word' id='word_1_393' title='bbox 1298 2754 1415 2787; x_wconf 88' lang='lat' dir='ltr'><strong>cum</strong></span> <span class='ocrx_word' id='word_1_394' title='bbox 1446 2738 1699 2804; x_wconf 87' lang='lat' dir='ltr'><strong>Homilia)</strong></span> <span class='ocrx_word' id='word_1_395' title='bbox 1730 2739 1788 2784; x_wconf 91' lang='lat' dir='ltr'><strong>in</strong></span> <span class='ocrx_word' id='word_1_396' title='bbox 1822 2733 1980 2784; x_wconf 87' lang='lat' dir='ltr'><strong>Laudi</strong></span> <span class='ocrx_word' id='word_1_397' title='bbox 2018 2751 2077 2784; x_wconf 86' lang='lat' dir='ltr'><strong>us</strong></span> <span class='ocrx_word' id='word_1_398' title='bbox 2106 2743 2161 2784; x_wconf 76' lang='lat' dir='ltr'><strong>et</strong></span> 
     </span>
     <span class='ocr_line' id='line_1_86' title="bbox 1304 2803 1645 2873; baseline 0.012 -21"><span class='ocrx_word' id='word_1_399' title='bbox 1304 2803 1550 2873; x_wconf 80' lang='lat' dir='ltr'><strong>vesperis.</strong></span> <span class='ocrx_word' id='word_1_400' title='bbox 1636 2847 1645 2856; x_wconf 91' lang='lat'><strong>.</strong></span> 
     </span>
    </p>

    <p class='ocr_par' dir='ltr' id='par_1_13' title="bbox 1287 2865 2167 3541">
     <span class='ocr_line' id='line_1_87' title="bbox 1366 2865 2163 2920; baseline -0.006 -1"><span class='ocrx_word' id='word_1_401' title='bbox 1366 2871 1429 2919; x_wconf 88' lang='lat' dir='ltr'><strong>ln</strong></span> <span class='ocrx_word' id='word_1_402' title='bbox 1468 2871 1615 2920; x_wconf 85' lang='lat' dir='ltr'><strong>tertia</strong></span> <span class='ocrx_word' id='word_1_403' title='bbox 1656 2867 1809 2918; x_wconf 89' lang='lat' dir='ltr'><strong>classe</strong></span> <span class='ocrx_word' id='word_1_404' title='bbox 1848 2865 2163 2917; x_wconf 76' lang='lat' dir='ltr'><strong>coilocantur</strong></span> 
     </span>
     <span class='ocr_line' id='line_1_88' title="bbox 1300 2929 2159 3002; baseline -0.002 -18"><span class='ocrx_word' id='word_1_405' title='bbox 1300 2934 1456 2986; x_wconf 87' lang='lat' dir='ltr'><strong>Feriae</strong></span> <span class='ocrx_word' id='word_1_406' title='bbox 1479 2935 1743 2987; x_wconf 79' lang='lat' dir='ltr'><strong>Adventus</strong></span> <span class='ocrx_word' id='word_1_407' title='bbox 1762 2950 1919 3002; x_wconf 88' lang='lat' dir='ltr'><strong>usque</strong></span> <span class='ocrx_word' id='word_1_408' title='bbox 1939 2931 2004 2981; x_wconf 90' lang='lat' dir='ltr'><strong>ad</strong></span> <span class='ocrx_word' id='word_1_409' title='bbox 2018 2929 2159 2989; x_wconf 85' lang='lat' dir='ltr'><strong>diem</strong></span> 
     </span>
     <span class='ocr_line' id='line_1_89' title="bbox 1302 2995 2160 3064; baseline -0.006 -12"><span class='ocrx_word' id='word_1_410' title='bbox 1302 3019 1320 3052; x_wconf 88' lang='lat'>1</span> <span class='ocrx_word' id='word_1_411' title='bbox 1333 3003 1361 3052; x_wconf 85' lang='lat'><em>5</em></span> <span class='ocrx_word' id='word_1_412' title='bbox 1382 2995 1673 3053; x_wconf 87' lang='lat' dir='ltr'><strong>Decembris</strong></span> <span class='ocrx_word' id='word_1_413' title='bbox 1689 3039 1702 3064; x_wconf 92' lang='lat'><strong>,</strong></span> <span class='ocrx_word' id='word_1_414' title='bbox 1723 2999 1831 3050; x_wconf 86' lang='lat' dir='ltr'><strong>dies</strong></span> <span class='ocrx_word' id='word_1_415' title='bbox 1930 3005 2035 3047; x_wconf 88' lang='lat' dir='ltr'><strong>arta</strong></span> <span class='ocrx_word' id='word_1_416' title='bbox 2057 2998 2160 3048; x_wconf 88' lang='lat' dir='ltr'><strong>Ja-</strong></span> 
     </span>
     <span class='ocr_line' id='line_1_90' title="bbox 1295 3064 2158 3133; baseline -0.003 -17"><span class='ocrx_word' id='word_1_417' title='bbox 1295 3072 1463 3119; x_wconf 88' lang='lat' dir='ltr'><strong>nuarii</strong></span> <span class='ocrx_word' id='word_1_418' title='bbox 1480 3105 1495 3130; x_wconf 93' lang='lat'><strong>,</strong></span> <span class='ocrx_word' id='word_1_419' title='bbox 1528 3067 1687 3118; x_wconf 85' lang='lat' dir='ltr'><strong>Feriae</strong></span> <span class='ocrx_word' id='word_1_420' title='bbox 1719 3066 1773 3115; x_wconf 91' lang='lat'><strong>11</strong></span> <span class='ocrx_word' id='word_1_421' title='bbox 1798 3074 1851 3115; x_wconf 89' lang='lat' dir='ltr'><strong>et</strong></span> <span class='ocrx_word' id='word_1_422' title='bbox 1908 3065 1957 3114; x_wconf 87' lang='grc' dir='ltr'><strong>[Ι</strong></span> <span class='ocrx_word' id='word_1_423' title='bbox 1986 3064 2158 3133; x_wconf 81' lang='lat' dir='ltr'><strong>Roga-</strong></span> 
     </span>
     <span class='ocr_line' id='line_1_91' title="bbox 1296 3129 2160 3200; baseline -0.007 -15"><span class='ocrx_word' id='word_1_424' title='bbox 1296 3139 1514 3196; x_wconf 90' lang='lat' dir='ltr'><strong>tionum,</strong></span> <span class='ocrx_word' id='word_1_425' title='bbox 1540 3134 1686 3184; x_wconf 74' lang='lat' dir='ltr'><strong>Fet-ia</strong></span> <span class='ocrx_word' id='word_1_426' title='bbox 1708 3141 1845 3182; x_wconf 83' lang='lat' dir='ltr'><strong>sexta</strong></span> <span class='ocrx_word' id='word_1_427' title='bbox 1867 3138 1978 3200; x_wconf 85' lang='lat' dir='ltr'><strong>post</strong></span> <span class='ocrx_word' id='word_1_428' title='bbox 1994 3129 2160 3181; x_wconf 84' lang='lat' dir='ltr'><strong>Octa-</strong></span> 
     </span>
     <span class='ocr_line' id='line_1_92' title="bbox 1296 3197 2162 3263; baseline -0.008 -11"><span class='ocrx_word' id='word_1_429' title='bbox 1296 3218 1409 3253; x_wconf 85' lang='lat' dir='ltr'><strong>vam</strong></span> <span class='ocrx_word' id='word_1_430' title='bbox 1440 3203 1761 3250; x_wconf 87' lang='lat' dir='ltr'><strong>Ascensionis</strong></span> <span class='ocrx_word' id='word_1_431' title='bbox 1776 3236 1791 3261; x_wconf 94' lang='lat'>‚</span> <span class='ocrx_word' id='word_1_432' title='bbox 1825 3198 1982 3249; x_wconf 84' lang='lat' dir='ltr'><strong>Feriae</strong></span> <span class='ocrx_word' id='word_1_433' title='bbox 2013 3197 2162 3263; x_wconf 81' lang='lat' dir='ltr'><strong>Qua-</strong></span> 
     </span>
     <span class='ocr_line' id='line_1_93' title="bbox 1296 3262 2160 3335; baseline -0.005 -18"><span class='ocrx_word' id='word_1_434' title='bbox 1296 3266 1745 3335; x_wconf 78' lang='lat' dir='ltr'><strong>tuor-Temporum</strong></span> <span class='ocrx_word' id='word_1_435' title='bbox 1760 3302 1774 3326; x_wconf 87' lang='lat'><strong>,</strong></span> <span class='ocrx_word' id='word_1_436' title='bbox 1813 3281 1927 3334; x_wconf 79' lang='lat' dir='ltr'><strong>quae</strong></span> <span class='ocrx_word' id='word_1_437' title='bbox 1966 3262 2160 3314; x_wconf 85' lang='lat' dir='ltr'><strong>admit-</strong></span> 
     </span>
     <span class='ocr_line' id='line_1_94' title="bbox 1296 3331 2159 3394; baseline -0.003 -10"><span class='ocrx_word' id='word_1_438' title='bbox 1296 3343 1414 3384; x_wconf 87' lang='lat' dir='ltr'><strong>tunt</strong></span> <span class='ocrx_word' id='word_1_439' title='bbox 1438 3333 1581 3384; x_wconf 87' lang='lat' dir='ltr'><strong>Festa</strong></span> <span class='ocrx_word' id='word_1_440' title='bbox 1606 3331 1813 3394; x_wconf 78' lang='lat' dir='ltr'><strong>Semidu</strong></span> <span class='ocrx_word' id='word_1_441' title='bbox 1851 3332 1970 3381; x_wconf 86' lang='lat' dir='ltr'><strong>licia</strong></span> <span class='ocrx_word' id='word_1_442' title='bbox 1991 3337 2043 3380; x_wconf 90' lang='lat' dir='ltr'><strong>et</strong></span> <span class='ocrx_word' id='word_1_443' title='bbox 2064 3348 2159 3381; x_wconf 90' lang='lat' dir='ltr'><strong>su-</strong></span> 
     </span>
     <span class='ocr_line' id='line_1_95' title="bbox 1294 3396 2167 3476; baseline -0.002 -27"><span class='ocrx_word' id='word_1_444' title='bbox 1294 3399 1793 3476; x_wconf 69' lang='lat' dir='ltr'><strong>pra.Quandoautem</strong></span> <span class='ocrx_word' id='word_1_445' title='bbox 1854 3396 1987 3447; x_wconf 81' lang='lat' dir='ltr'><strong>fficio</strong></span> <span class='ocrx_word' id='word_1_446' title='bbox 2002 3397 2167 3448; x_wconf 78' lang='lat' dir='ltr'><strong>alicu·</strong></span> 
     </span>
     <span class='ocr_line' id='line_1_96' title="bbox 1287 3462 2154 3541; baseline -0.005 -25"><span class='ocrx_word' id='word_1_447' title='bbox 1287 3483 1373 3541; x_wconf 72' lang='lat' dir='ltr'><strong>Jus</strong></span> <span class='ocrx_word' id='word_1_448' title='bbox 1385 3485 1447 3516; x_wconf 76' lang='lat' dir='ltr'><strong>ex</strong></span> <span class='ocrx_word' id='word_1_449' title='bbox 1459 3465 1541 3515; x_wconf 85' lang='lat' dir='ltr'><strong>his</strong></span> <span class='ocrx_word' id='word_1_450' title='bbox 1554 3466 1714 3516; x_wconf 88' lang='lat' dir='ltr'><strong>Feriis</strong></span> <span class='ocrx_word' id='word_1_451' title='bbox 1722 3465 1861 3516; x_wconf 88' lang='lat' dir='ltr'><strong>locus</strong></span> <span class='ocrx_word' id='word_1_452' title='bbox 1870 3481 1973 3514; x_wconf 91' lang='lat' dir='ltr'><strong>non</strong></span> <span class='ocrx_word' id='word_1_453' title='bbox 1983 3462 2154 3526; x_wconf 81' lang='lat' dir='ltr'><strong>datur,</strong></span> 
     </span>
    </p>
   </div>
   <div class='ocr_carea' id='block_1_4' title="bbox 367 3527 2159 3604">
    <p class='ocr_par' dir='ltr' id='par_1_14' title="bbox 367 3527 2159 3604">
     <span class='ocr_line' id='line_1_97' title="bbox 367 3527 2159 3604; baseline -0.001 -22"><span class='ocrx_word' id='word_1_454' title='bbox 367 3547 588 3597; x_wconf 77' lang='lat' dir='ltr'><strong>oemssae,</strong></span> <span class='ocrx_word' id='word_1_455' title='bbox 612 3543 686 3590; x_wconf 86' lang='lat' dir='ltr'><strong>.ut</strong></span> <span class='ocrx_word' id='word_1_456' title='bbox 720 3533 882 3587; x_wconf 78' lang='lat' dir='ltr'><strong>fusius</strong></span> <span class='ocrx_word' id='word_1_457' title='bbox 924 3535 1223 3604; x_wconf 84' lang='lat' dir='ltr'><strong>explicatur,</strong></span> <span class='ocrx_word' id='word_1_458' title='bbox 1296 3551 1323 3584; x_wconf 87' lang='lat' dir='ltr'><strong>e</strong></span> <span class='ocrx_word' id='word_1_459' title='bbox 1345 3550 1402 3582; x_wconf 91' lang='lat' dir='ltr'><strong>us</strong></span> <span class='ocrx_word' id='word_1_460' title='bbox 1416 3527 2159 3583; x_wconf 82' lang='lat' dir='ltr'><strong>CommemoratiofitinOfficio</strong></span> 
     </span>
    </p>
   </div>
   <div class='ocr_carea' id='block_1_5' title="bbox 379 3598 1221 3669">
    <p class='ocr_par' dir='ltr' id='par_1_15' title="bbox 379 3598 1221 3669">
     <span class='ocr_line' id='line_1_98' title="bbox 379 3598 1221 3669; baseline 0.031 -25"><span class='ocrx_word' id='word_1_461' title='bbox 379 3598 854 3669; x_wconf 39' lang='lat' dir='ltr'><strong>Parte-Autummli,</strong></span> <span class='ocrx_word' id='word_1_462' title='bbox 871 3619 927 3667; x_wconf 83' lang='lat' dir='ltr'><strong>p·</strong></span> <span class='ocrx_word' id='word_1_463' title='bbox 953 3600 1052 3669; x_wconf 76' lang='lat'><strong>275</strong></span> <span class='ocrx_word' id='word_1_464' title='bbox 1065 3638 1082 3666; x_wconf 73' lang='lat'><em>2</em></span> <span class='ocrx_word' id='word_1_465' title='bbox 1102 3617 1221 3669; x_wconf 79' lang='lat'><strong>277·</strong></span> 
     </span>
    </p>
   </div>
   <div class='ocr_carea' id='block_1_6' title="bbox 1347 3594 2157 3670">
    <p class='ocr_par' dir='ltr' id='par_1_16' title="bbox 1347 3594 2157 3670">
     <span class='ocr_line' id='line_1_99' title="bbox 1347 3594 2157 3670; baseline -0.007 -19"><span class='ocrx_word' id='word_1_466' title='bbox 1347 3608 1575 3663; x_wconf 85' lang='lat' dir='ltr'><strong>octurno,</strong></span> <span class='ocrx_word' id='word_1_467' title='bbox 1591 3598 1763 3670; x_wconf 71' lang='lat' dir='ltr'><strong>(modo</strong></span> <span class='ocrx_word' id='word_1_468' title='bbox 1774 3597 1883 3652; x_wconf 84' lang='lat' dir='ltr'><strong>haec</strong></span> <span class='ocrx_word' id='word_1_469' title='bbox 1895 3597 2040 3648; x_wconf 79' lang='lat' dir='ltr'><strong>Feria</strong></span> <span class='ocrx_word' id='word_1_470' title='bbox 2056 3594 2157 3646; x_wconf 77' lang='lat' dir='ltr'><strong>hn—</strong></span> 
     </span>
    </p>
   </div>
  </div>
 </body>
</html>
