2392 4050
474 177 543 230 28

471 275 723 340 integrum
778 268 965 320 secreto
1016 279 1129 338 post
1186 274 1289 320 Ave
1305 308 1326 331 ,

473 347 589 388 ante
613 335 848 387 Officium
885 335 1197 388 Nocturnum
1221 374 1234 398 ‚
1280 344 1330 386 et

472 412 582 473 post
598 403 751 456 finem
766 402 1105 471 completorii.
1128 403 1331 456 Dicitur

470 474 625 520 etiam
665 470 851 520 secreto
898 478 1010 537 post
1060 472 1227 529 Pater,
1267 467 1330 518 ad

476 537 650 586 Preces
688 537 867 586 Primae
900 544 953 585 et
973 535 1327 604 Completorii:

471 601 559 656 sed
588 606 645 652 in
676 602 777 652 fine
800 603 903 652 altit
923 619 1044 652 voce
1063 600 1327 671 profertur,

478 672 656 720 Carnis
688 669 1106 729 resurrectionem,
1131 676 1228 718 ete.

542 749 656 801 ¹97·
695 734 993 800 Symbolum
1030 735 1331 798 Quicumque

471 800 661 852 dicitur
692 801 757 850 ad
797 801 1016 851 Primam
1049 807 1161 868 post
1186 798 1331 850 Psal-

473 886 578 918 mos
593 868 829 918 omnibus
841 868 1127 917 Dominicis
1143 869 1198 916 in
1215 868 1330 935 qui-

470 934 565 986 bus
584 934 817 984 Officium
853 935 913 985 fit
939 933 1001 984 de
1029 932 1325 993 Dominica,

472 1005 625 1051 etiam
644 1000 885 1070 Tempore
906 998 1134 1050 Paschali
1155 1036 1168 1061 ‚
1203 1006 1253 1048 et
1273 1001 1328 1047 in

474 1068 621 1118 Festo
672 1071 994 1118 sanctissimas
1040 1065 1324 1116 Trinitatis.

472 1132 743 1186 Omittitur
762 1144 929 1184 autem
961 1137 1019 1184 in
1044 1131 1330 1182 Dominicis

468 1204 604 1251 intra
633 1199 863 1263 Octavas,
881 1197 1085 1270 quando
1112 1198 1172 1248 fit
1202 1195 1332 1246 Offi-

469 1271 604 1318 cium
640 1265 703 1316 de
738 1265 953 1329 Octava3
978 1273 1029 1316 et
1063 1269 1121 1315 in
1148 1263 1332 1314 Domi-

470 1337 586 1385 nica
622 1336 755 1383 inter
801 1333 1242 1384 circumcisionem
1280 1339 1326 1380 et

470 1399 807 1470 Epiphaniam
816 1437 829 1462 ,
848 1418 963 1470 quae
979 1405 1210 1450 censetur
1221 1413 1327 1465 per-

468 1470 631 1518 tinere
662 1466 727 1516 ad
760 1465 999 1518 Octavam
1038 1465 1332 1515 Nativitatis

471 1533 703 1584 Domini.
734 1533 796 1582 ln
815 1533 917 1583 fine
934 1532 1077 1582 illius
1099 1528 1331 1595 Symboli

471 1599 659 1650 dicitur
684 1600 853 1649 Gloria
872 1599 1018 1649 Patri
1027 1635 1045 1658 ‚
1069 1605 1127 1648 ut
1148 1599 1207 1647 in
1229 1596 1331 1647 fine

476 1666 805 1716 l'salmorum.

728 1759 927 1800 CAPUT
950 1761 1075 1800 xlv.

556 1839 636 1920 D!
673 1837 919 1904 Capitulis
946 1847 995 1888 et
1022 1839 1230 1888 Conone.

476 1925 1334 2065 Vezggragafllzlllllies,de‘tn;llitzgrflffi

472 2080 551 2113 ras
585 2070 699 2131 post
738 2062 955 2114 Psalmos
988 2071 1039 2113 et
1068 2059 1332 2129 Antipho—

475 2144 563 2178 nas
586 2150 598 2192 3
643 2127 708 2179 ad
746 2128 1135 2198 Completorium
1175 2128 1294 2181 vero
1311 2166 1328 2191 ‚

472 2202 587 2263 post
615 2194 894 2261 Hymnum.

472 2275 665 2377 12212934
683 2261 891 2379 fflhz?
905 2262 1332 2379 &efficffit‘zssffi

475 2396 604 2443 mini
621 2414 635 2458 3
665 2410 729 2445 ne
769 2412 830 2445 ue
864 2398 919 2444 in
947 2402 1054 2445 toto
1090 2392 1272 2443 Officio
1302 2392 1330 2443 :i

476 2459 521 2508 V
525 2464 709 2529 esperis
771 2464 885 2525 eriae
982 2468 1101 2511 artae
1123 2458 1332 2528 Majoris

474 2526 813 2579 Hebdomadae
843 2532 927 2579 inc
950 2530 1089 2579 usive
1121 2525 1185 2576 ad
1221 2525 1263 2575 N
1269 2542 1332 2575 o—

474 2610 593 2645 nam
607 2594 816 2645 sabbati
834 2598 891 2643 in
902 2594 1049 2645 Albis
1062 2592 1329 2656 inclusive,

473 2677 640 2729 neque
669 2664 726 2711 in
745 2660 924 2711 Officio
943 2659 1328 2710 Defunctorum.

548 2743 660 2776 200.
685 2727 914 2796 Capitula
927 2727 1106 2775 Primae
1116 2732 1169 2775 et
1185 2724 1334 2775 Com-

474 2792 675 2861 pletorii
697 2810 810 2864 quae
831 2791 1083 2843 habentur
1098 2796 1155 2841 in
1173 2790 1332 2841 Ordi-

474 2862 617 2909 nario
636 2857 878 2910 Breviarii
918 2874 1026 2907 nun
1098 2874 1178 2906 am
1219 2875 1334 2907 mu-

475 2931 667 2988 tantur,
690 2933 741 2975 et
761 2925 1000 2975 dicuntur
1053 2941 1081 2975 e
1098 2923 1334 2975 Domini-

475 3008 534 3042 ca
552 2991 634 3041 vel
672 2990 735 3041 de
760 2991 799 3041 F
802 2994 903 3041 eria
926 3028 941 3054 ,
965 2997 1113 3060 prout
1147 2990 1333 3041 Psalmi

476 3056 603 3108 dicti
647 3055 839 3108 fuerint
868 3056 930 3109 de
962 3057 1222 3117 alterutra,
1241 3074 1334 3108 ex-

474 3132 617 3192 cepto
628 3122 870 3193 Tempore
887 3123 1135 3184 Paschali,
1155 3126 1214 3173 in
1231 3140 1334 3193 quo

473 3191 659 3259 legitur
684 3190 915 3260 quotidie
954 3188 1241 3265 Capitulum
1269 3188 1334 3241 de

475 3256 763 3307 Dominica.
933 3304 945 3319 „

541 3338 655 3373 201.
677 3322 742 3373 ln
759 3324 907 3375 Horis
916 3322 1151 3374 omnibus
1166 3318 1232 3373 ad
1247 3320 1336 3372 Ca-

473 3389 713 3459 pitulum,
733 3390 1085 3461 quodcumque
1122 3391 1210 3452 sit,
1249 3404 1335 3439 re-

468 3454 746 3528 spondetur
767 3459 869 3507 Deo
882 3462 1097 3521 qratias.

479 3544 491 3559 ·
521 3520 657 3582 aaa.
691 3522 773 3583 Ad
795 3523 1034 3585 Primam,
1057 3520 1250 3583 Canon,
1273 3518 1336 3573 de

1030 191 1351 230 nunmcanux
1375 189 1690 227 cumanum!

1400 286 1502 350 quo
1517 268 1710 319 dictum
1729 268 1874 338 supra
1887 285 1941 319 n.
1951 270 2270 342 1oo‚1egitur

1400 335 1612 404 singulis
1640 333 1818 386 diebus
1836 373 1850 397 ‚
1881 345 1940 386 ut
1959 335 2179 389 habetur
2195 340 2266 390 ad

1400 401 1584 452 calcem
1618 401 1884 464 Breviarii,
1905 405 2006 453 nisi
2023 404 2154 455 alius
2174 423 2264 455 as—

1400 471 1624 537 signetur
1639 485 1728 536 pro
1783 467 2046 520 uibusdam
2062 470 2102 520 F
2105 475 2226 521 estis
2251 491 2263 520 :

1401 543 1522 584 tunc
1561 538 1699 585 enim
1803 551 1908 584 non
1987 539 2042 586 ui
2077 540 2138 586 exi
2175 537 2265 589 die

1399 604 1616 651 occurrit
1669 603 1726 650 in
1776 605 1900 651 serie
1997 619 2220 653 anonum
2241 642 2258 666 ,

1399 671 1669 718 omittitur.
1717 667 1830 718 Non
1869 666 2059 719 dicitur
2087 668 2260 720 Canon

1401 737 1457 783 in
1480 732 1650 784 triduo
1669 741 1786 784 ante
1810 733 1997 784 Pascha
2018 772 2032 797 ,
2069 750 2164 786 nec
2202 735 2260 785 in

1401 800 1878 851 Commemoratione
1907 804 2134 852 omnium
2170 801 2212 852 F
2215 804 2264 852 i-

1399 866 1590 917 delium
1611 867 2262 938 Defunctorum.Aliquan-

1400 932 1463 983 do
1487 933 1818 984 dimittuntur
1849 936 2000 983 etiam
2032 933 2262 986 Canones

1399 999 1638 1050 nonnulli
1670 1003 1804 1050 intra
1843 997 2082 1051 Octavam
2124 1000 2260 1070 Epi-

1434 1065 1619 1127 haniae‚
1633 1075 1691 1117 ut
1701 1073 1904 1118 notatur
1916 1069 1972 1116 in
1983 1067 2257 1118 Breviario.

1422 1134 1726 1183 Pae-afluent.
1744 1150 1794 1202 p.
1815 1133 1935 1198 295,
1953 1141 2001 1182 et
2014 1134 2189 1200 cxxx.)

1466 1200 1582 1249 203.
1615 1199 1752 1249 Ante
1780 1199 2067 1249 [sectionem
2089 1199 2259 1249 Cano-

1399 1267 1481 1315 nis
1501 1302 1516 1326 ,
1557 1265 1732 1316 Lector
1776 1268 1906 1333 petit
1937 1264 2258 1316 Benedictio-

1401 1347 1538 1394 nem,
1559 1342 1617 1381 ut
1637 1330 1852 1382 habetur
1878 1335 1934 1382 in
1967 1331 2258 1394 Ordinatio,

1435 1414 1488 1448 er
1523 1397 1698 1459 verba,
1727 1400 1892 1458 Juhe,
1912 1400 2117 1460 Damno,
2156 1407 2253 1450 etc.

1401 1413 1505 1529 ὅυί
1525 1464 1658 1514 solus
1673 1466 1873 1526 recitat,
1882 1462 2008 1515 dicit
2027 1462 2252 1515 absolute

1404 1529 1836 1584 Benedictionem.

1675 1635 1872 1674 CAPUT
1895 1635 1999 1674 XV·

1467 1705 1548 1754 De
1567 1702 1912 1788 Responsarit}⁸
1941 1703 2186 1752 brevibus.

1467 1792 1585 1858 204.
1619 1792 1948 1862 Responsoria
1977 1791 2148 1845 brevia
2167 1793 2258 1844 di-

1403 1869 1586 1911 cuntur
1661 1868 1774 1928 post
1836 1859 2122 1928 Capitulum
2193 1861 2258 1910 ad

1406 1926 1562 1978 Horas
1581 1929 1796 1976 minores
1813 1924 2012 1974 tantum
2029 1962 2044 1988 ,
2065 1925 2120 1976 id
2149 1936 2225 1978 est
2241 1965 2258 1988 ,

1401 1994 1466 2045 ad
1490 1994 1706 2044 Primam
1730 2031 1744 2055 ‚
1776 1992 2018 2055 Tertiam,
2049 1991 2256 2044 Sextam

1401 2072 1454 2112 et
1472 2060 1668 2111 Nonam
1682 2098 1697 2124 ‚
1716 2076 1912 2110 necnon
1933 2057 1999 2109 ad
2027 2058 2266 2129 Comple-

1403 2132 1586 2179 torium
1607 2164 1623 2189 ,
1665 2134 1840 2196 praeter
1877 2142 1990 2175 uam
2037 2125 2068 2175 ὁ
2112 2126 2152 2177 F
2155 2131 2262 2177 eria

1401 2197 1584 2265 quinta
1605 2196 1664 2243 in
1691 2194 1846 2245 Coena
1917 2194 2080 2243 omini
2233 2214 2262 2247 e

1401 2261 1465 2311 ad
1485 2262 1806 2312 Dominicam
1828 2262 1886 2308 in
1907 2258 2054 2309 Albis
2083 2276 2176 2310 exc
2199 2279 2262 2311 u-

1401 2330 1526 2390 sive,
1551 2340 1603 2377 et
1626 2330 1683 2376 in
1710 2325 1793 2376 die
1815 2325 2264 2379 Commemoratio-

1401 2398 1482 2445 nis
1538 2394 1578 2443 F
1580 2391 1790 2443 idelium
1854 2390 2223 2443 Defunctorum
2247 2433 2262 2456 ,

1400 2456 1586 2531 quibus
1599 2459 1778 2510 diebus
1801 2474 1906 2509 non
1935 2457 2196 2509 dicuntur.

1467 2527 1584 2577 205.
1609 2526 1934 2595 Responsoria
1955 2524 2129 2577 brevia
2149 2526 2268 2576 Pri-

1403 2611 1497 2644 mae
1513 2603 1565 2643 et
1582 2592 1903 2661 Completorii
1921 2629 1934 2655 ‚
1957 2594 2014 2641 in
2031 2592 2266 2661 quolibet

1403 2659 1582 2711 Officio
1598 2697 1612 2723 ,
1634 2676 1827 2727 semper
1843 2657 2086 2709 dicuntur
2115 2668 2178 2708 ut
2207 2664 2264 2711 in

1403 2726 1671 2777 Ordinatio
1703 2726 1948 2775 Breviarii
1988 2722 2263 2777 habentur.

1405 2794 1468 2843 In
1489 2796 1664 2843 ceteris
1687 2792 1853 2852 Horis,
1878 2791 2266 2860 Responsa-ium

1403 2859 1552 2910 breve
1573 2862 1788 2910 sumitur
1807 2856 1942 2909 unde
1963 2867 2164 2926 sumpta
2191 2869 2268 2910 est

1403 2925 1699 2995 Antiphona
1715 2962 1730 2987 ‚
1763 2922 1826 2975 de
1853 2922 2094 2975 Psalterio
2115 2925 2270 2976 scili-

1403 3000 1511 3055 cet,
1547 2992 1630 3043 vel
1677 2990 1742 3041 de
1797 2990 1892 3041 Pro
1953 2992 2030 3054 ‘o,
2072 2991 2158 3043 vel
2203 2990 2269 3041 de

1404 3058 1700 3121 Communi,
1733 3060 1837 3107 nisi
1914 3059 2010 3107 iter
2035 3066 2262 3109 notetur.

1469 3126 1586 3175 206.
1627 3126 1675 3173 A
1707 3123 1976 3175 Dominica
2010 3122 2272 3175 Passionis

1403 3192 1651 3244 inclusive
1707 3206 1866 3259 usque
1911 3188 1976 3240 ad
2039 3190 2235 3241 Pascha
2253 3228 2267 3253 ,

1405 3260 1461 3307 in
1481 3258 1822 3326 Responsoriis
1837 3254 2074 3307 brevibus
2093 3256 2270 3308 Officii

1403 3322 1760 3393 cujuscumque
1777 3321 1841 3372 de
1860 3323 2125 3390 Tempore,
2151 3328 2275 3375 Glo—

1405 3392 1486 3439 n‘a
1509 3391 1657 3440 Patri
1675 3405 1780 3439 non
1800 3388 2018 3452 dicitur;
2037 3388 2129 3441 sed
2155 3392 2272 3458 post

1407 3452 1618 3505 Versum
1641 3465 1693 3505 et
1708 3455 1816 3525 ejus
1837 3455 2270 3507 Reclamationem

1404 3524 1649 3591 repetitur
1683 3521 1748 3572 ab
1783 3524 1938 3575 initio
1977 3521 2274 3593 Responsu-
