2392 4050
423 207 454 257 8
983 226 1302 263 unumunurn
1326 226 1639 265 cantamen

420 318 574 369 quam
606 300 880 352 dimidiant
910 302 1010 353 Ves
1073 322 1150 355 ras
1170 343 1185 367 ,
1227 314 1279 356 et

425 370 468 417 si
497 367 698 437 quando
716 367 817 418 duo
833 386 896 418 ex
911 368 992 420 his
1057 374 1178 421 estis
1197 375 1280 421 in-

427 441 505 483 ter
542 450 592 483 se
638 445 940 485 concurrunt
955 472 969 497 ,
1011 436 1247 487 Officium
1263 476 1278 500 ,

428 498 608 568 aequali
639 499 821 569 gradu,
855 500 917 551 fit
947 505 1197 571 integrum
1217 503 1280 554 de

427 563 648 634 digniori
661 603 675 628 ,
712 574 764 616 et
781 566 884 617 sola
909 566 1281 619 Commemora-

427 634 502 680 tio
523 629 585 681 de
605 632 776 682 minus
791 632 846 683 di
913 648 960 683 0.
983 634 1100 685 Haec
1111 644 1279 685 autem

425 696 562 746 dicta
591 706 741 748 sunto
757 698 819 749 de
880 704 998 749 estis
1013 700 1278 764 duntaxat,

427 778 530 812 non
551 764 670 815 vero
689 763 750 814 de
767 764 943 815 diebus
963 769 1094 816 intra
1123 768 1281 818 Octa-

428 846 514 879 vas
527 865 541 890 ‚
565 828 626 879 de
645 831 832 901 quibus
858 832 1038 947 ressulae
1057 837 1281 902 praescri-

431 895 620 945 buntur
637 896 811 965 supra,
834 914 888 946 n.
948 899 976 947 3
999 907 1050 948 et
1073 916 1176 969 seq.

496 960 706 1030 Insuper
732 962 1093 1015 observandum
1109 1002 1122 1027 ,
1145 964 1283 1035 quod

428 1030 471 1075 si
497 1026 697 1077 Festum
724 1032 782 1078 in
807 1037 912 1079 tota
930 1028 1135 1081 dioecesi
1150 1032 1283 1082 cele-

425 1092 622 1143 bratum
640 1104 900 1145 concurrat
915 1113 1030 1145 cum
1044 1096 1188 1147 Festo
1197 1115 1285 1165 pe-

427 1157 606 1208 culiari
625 1159 836 1229 alicujus
858 1162 1094 1221 ecclesiae,
1118 1180 1285 1233 aequa-

425 1224 489 1273 lis
506 1224 684 1293 gradus
700 1234 750 1275 et
766 1226 1283 1297 dignitatiS,Vesperae

425 1292 531 1340 sint
557 1289 620 1341 de
646 1295 802 1360 priori
829 1308 944 1343 cnm
970 1294 1284 1345 Commemo—

427 1359 619 1407 ratione
639 1357 861 1409 alterius.

493 1425 578 1487 4ο.
630 1422 899 1475 Dominica
994 1429 1116 1476 riter
1144 1443 1283 1477 nun—

464 1506 579 1538 uam
623 1488 861 1540 dimidiat
965 1509 1172 1559 esperas.
1224 1492 1283 1543 Si

425 1503 631 1605 {estum
669 1555 871 1624 Duplex
912 1573 974 1606 ex
1002 1561 1067 1607 iis
1088 1575 1201 1627 quae
1226 1562 1283 1607 in

429 1619 696 1670 Dominica
715 1622 955 1672 celebrari
985 1623 1108 1673 licet
1124 1660 1138 1684 ,
1160 1640 1283 1673 con—

429 1693 593 1736 currat
622 1703 738 1736 cum
763 1687 1030 1738 Dominica
1057 1705 1284 1739 commu·-

429 1754 486 1801 ni
502 1789 518 1814 ,
547 1751 775 1821 Vesperae
800 1761 919 1807 sunt
937 1753 998 1803 de
1021 1754 1168 1804 Festo
1183 1792 1197 1817 ,
1232 1764 1283 1805 et

428 1816 490 1866 fit
525 1817 628 1869 sola
659 1817 1073 1870 Commemoratio
1102 1820 1284 1871 Domi-

427 1887 572 1933 nicae.
601 1884 667 1933 In
685 1884 968 1935 Dominicis
989 1895 1153 1935 autem
1210 1892 1281 1937 ri-

424 1950 695 2019 vilegiatis,
710 1950 808 2001 Ves
870 1968 936 2000 1·ae
953 1950 1139 2006 cedunt
1189 1970 1283 2002 un-

429 2025 567 2098 taxat
587 2015 807 2068 Solemn'
848 2017 1211 2070 tis-minoribus
1231 2029 1283 2070 et

427 2098 589 2213 suffia..
622 2149 681 2200 Si
715 2161 976 2203 concurrat
1009 2151 1279 2204 Dominica

428 2217 486 2262 in
507 2215 653 2266 Albis
673 2233 788 2267 cum
820 2217 1123 2270 Inventione
1156 2219 1282 2269 Cru-

428 2282 519 2342 cis,
553 2289 605 2331 et
638 2281 746 2334 dies
767 2283 955 2336 Octava
998 2285 1135 2334 Festi
1161 2284 1282 2336 Cor-

489 2350 560 2396 ris
590 2347 777 2399 Christi
821 2367 937 2400 cum
979 2350 1281 2402 visitatione

425 2361 490 2460 ff
517 2411 721 2477 Mariae3
760 2414 988 2484 Vesperae
1011 2425 1159 2466 erunt
1189 2420 1281 2466 in-

427 2487 574 2546 tegrae
592 2479 677 2530 vel
697 2479 760 2531 de
779 2480 1048 2532 Dominica
1063 2519 1080 2544 ‚
1109 2481 1193 2534 vel
1218 2482 1281 2532 de

426 2541 509 2594 die
547 2543 736 2597 Octava
763 2547 1001 2615 praedicta
1014 2585 1030 2609 ,
1067 2564 1125 2597 eo
1145 2547 1282 2617 quod

429 2619 639 2680 utraque
657 2612 748 2662 fiat
762 2617 903 2682 quasi
924 2617 1028 2662 ritu
1047 2613 1276 2664 solemni.

489 2675 575 2740 42.
600 2675 667 2725 In
695 2680 1042 2728 concurrentia
1070 2677 1281 2729 Officio-

427 2756 534 2789 rum
605 2759 685 2792 uae
719 2742 784 2792 ad
821 2741 955 2792 idem
1053 2747 1278 2808 rtinent,

425 2822 476 2853 v.
539 2841 551 2855 .
653 2811 946 2876 mpassionis
1023 2844 1036 2856 .
1071 2809 1247 2862 Mariae
1263 2850 1277 2874 ,

427 2879 478 2918 et
619 2877 760 2924 untia
766 2876 938 2935 tionis,
948 2890 1052 2924 non
1067 2874 1125 2924 fit
1139 2875 1283 2926 Com-

426 2942 716 2989 memoratio
747 2937 916 2989 Officii
937 2939 1115 3008 gradus
1143 2942 1279 2993 infe-

428 3019 591 3053 noris.

491 3069 575 3134 43.
617 3069 682 3119 In
723 3071 884 3121 Feriis
915 3071 1275 3140 privilegiatis,

428 3133 656 3203 Vesperae
690 3153 794 3187 non
825 3146 945 3188 sunt
967 3155 1136 3187 earum
1168 3143 1278 3207 pri-

425 3201 599 3270 vilegii
615 3206 882 3271 participes
897 3239 911 3264 ,
937 3202 1151 3282 ideoque
1181 3204 1276 3254 ad—

427 3269 638 3316 mittunt
674 3268 700 3317 1
726 3268 985 3337 Vesperas,
1007 3278 1160 3318 etlam
1182 3270 1279 3319 Fe·-

423 3336 488 3381 sti
527 3333 780 3392 Simplicis
799 3371 812 3396 ,
855 3333 1003 3385 modo
1038 3335 1277 3402 postridie

424 3397 486 3448 de
519 3415 576 3449 eo
615 3393 705 3449 ffat
743 3399 996 3450 Officium.
1041 3402 1099 3450 Si
1138 3405 1275 3450 enim

425 3461 530 3531 ejus
566 3464 745 3516 Officio
780 3465 920 3517 locus
963 3482 1067 3515 non
1111 3463 1276 3528 detur,

423 3537 543 3582 tunc
577 3532 804 3602 Vesperae
842 3541 990 3583 erunt
1026 3531 1246 3584 Fetiales
1260 3569 1276 3596 ,

1348 309 1471 376 quia
1528 320 1791 385 nunquam
1857 304 2207 387 incipiendum

1348 370 1675 489 ῗίεὲεὲίίἰοιωη
1694 368 1829 441 quod
1851 387 2084 441 persequi
2101 389 2211 423 non

1632 539 1830 579 CAPUT
1856 538 1917 577 V.

1350 608 1427 655 De
1468 611 1773 657 occurrentia
1804 617 1854 657 et
1888 610 2212 659 translatione

1690 673 1869 739 Officii.

1413 760 1497 826 44.
1521 760 1789 811 Occurrere
1809 760 2051 813 dicuntur
2076 763 2211 814 Offi-

1348 827 1427 940 gia
1443 843 1559 942 4υέ
1580 827 1880 942 iiixl-eamdem
1908 828 2208 945 ἀῖεὲῗωίηοί-

1384 908 1457 941 un
1482 928 1495 941 .
1558 910 1592 942 x
1646 912 1688 944 is
1706 911 1864 944 unum
1882 912 1945 944 au
2090 913 2208 945 rum

1352 958 1661 1021 transfertur,
1680 960 1763 1010 vel
1784 960 1937 1011 habet
1970 960 2209 1012 Comme-

1350 1029 1680 1075 morationem
1690 1062 1704 1087 ,
1726 1026 1809 1077 vel
1824 1030 2033 1077 omnino
2050 1031 2211 1080 omit·-

1348 1093 1491 1205 {itun
1528 1092 1805 1161 Sequentia
1844 1110 1952 1143 rem
1970 1093 2209 1145 enuclea·-

1384 1164 1497 1206 unt.

1414 1222 1500 1287 45.
1523 1223 1583 1273 Si
1602 1222 1702 1274 duo
1719 1223 1897 1275 Officia
1925 1224 2098 1275 etalem
2118 1223 2207 1277 die

1349 1293 1655 1339 occurrentia
1680 1327 1695 1351 ,
1735 1293 1837 1339 sint
1866 1289 2053 1341 diversi
2178 1320 2209 1333 -·

1350 1352 1464 1415 dus,
1485 1354 1718 1405 Officium
1741 1356 1801 1406 fit
1816 1355 1878 1406 de
1894 1372 1956 1407 eo
1973 1309 2210 1427 qumffit

1348 1421 1899 1539 ssssffinssssiuffffiids
1912 1422 2210 1541 ffiffi‘ssi?

1351 1550 1499 1603 modb
1533 1556 1600 1602 sit
1629 1506 1830 1622 Duglrgx
1862 1562 1913 1605 et
1942 1572 1965 1604 s
2036 1554 2105 1606 τὰ.
2146 1526 2210 1606 Si

1350 1620 1454 1667 sint.
1478 1616 1698 1686 ejusdem
1814 1620 1909 1671 dus
1925 1657 1939 1682 ,
2014 1619 2206 1671 fficium

1349 1682 1412 1731 fit
1443 1682 1506 1733 de
1541 1684 1762 1753 digniori
1776 1723 1790 1748 ,
1826 1695 1878 1736 et
1910 1687 2209 1738 transfertur

1350 1748 1521 1799 minus
1556 1750 1611 1801 di
1642 1767 1785 1801 ωιτη.-
1834 1751 1983 1819 Quod
2020 1756 2067 1803 si
2098 1756 2209 1803 sint

1350 1813 1502 1882 gradu
1530 1825 1581 1865 et
1648 1820 1665 1866 i
1736 1821 1860 1868 itate
1887 1822 2027 1885 paria
2040 1856 2065 1880 ,.
2077 1817 2206 1869 offi-

1348 1884 1485 1931 cium
1504 1880 1639 1951 quod
1668 1834 1733 1933 ¹5¹¹:
1754 1887 1813 1933 in
1840 1892 1944 1933 tote
1966 1883 2175 1935 dioecesi
2188 1923 2205 1947 ,

1348 1955 1545 2014 praestet
1558 1986 1573 2010 ,
1628 1965 1825 1999 necesse
1873 1958 1949 1999 est
1963 1986 1980 2011 ,
2024 1948 2208 2001 Officio

1348 2011 1486 2093 q¹¹.⁰d
1501 2023 1628 2066 esset
1636 2014 1847 2085 alicujus
1862 2015 2081 2067 ecclesiae
2092 2034 2206 2088 pro-

1381 2097 1531 2130 num.

1349 2096 1381 2148 p
1431 2147 1687 2198 Annualia
1728 2157 1779 2198 et
1820 2149 2081 2199 Solemni&

1350 2219 1505 2262 totam
1537 2212 1797 2265 dioecesim
1824 2215 2074 2265 celebrata

1349 2277 1566 2346 gaudent
1593 2281 1886 2348 privilegio,
1912 2290 1970 2330 ut
2001 2280 2207 2331 Festum

1347 2345 1595 2411 peculiare
1632 2345 1841 2415 alicujus
1883 2345 2106 2397 ecclesiae
2150 2350 2208 2396 in

1349 2412 1421 2459 eis
1444 2427 1704 2461 occurrens
1719 2450 1733 2474 ,
1754 2410 2117 2482 cujuscumque
2143 2415 2212 2463 sit

1350 2476 1527 2543 gradus
1550 2486 1602 2528 et
1626 2477 1907 2547 dignitatis,
1936 2477 2213 2529 transfera-

1349 2550 1432 2591 tm·

1413 2608 1499 2674 46.
1522 2609 1757 2660 Officium
1790 2609 2077 2660 Dominicae
2102 2626 2212 2661 non

1348 2675 1640 2726 transfertur
1673 2696 1684 2725 :
1726 2675 1797 2725 ali
1830 2707 1835 2710 -
1868 2675 2003 2726 ando
2037 2685 2214 2727 tamen

1348 2745 1653 2810 anticipatur
1685 2757 1783 2792 una
1895 2745 2087 2794 minica
2119 2760 2212 2792 su-

1348 2807 1714 2873 perabundans,
1737 2817 1796 2858 ut
1814 2808 2006 2858 dictum
2026 2819 2106 2859 est
2124 2826 2215 2858 su·-

1347 2873 1435 2940 pra
1452 2912 1465 2935 ,
1496 2874 1559 2924 Ca
1640 2892 1655 2922 ι
1671 2912 1685 2935 ,
1708 2891 1761 2924 n.
1790 2890 1838 2938 7.

1412 2941 1497 3005 47.
1575 2947 1675 2988 esta
1706 2940 1992 3002 Annualia,
2024 2948 2079 2990 et
2116 2940 2215 2990 So·-

1347 3004 1535 3055 lemnia
1557 3009 1709 3054 etiam
1732 3010 1923 3056 minora
1937 3043 1953 3069 ,
1983 3023 2102 3074 quae
2123 3023 2217 3056 suo

1348 3070 1431 3120 die
1494 3071 1733 3121 celebrari
1791 3089 1895 3122 non
1966 3081 2183 3140 possunt
2198 3110 2213 3134 ,

1348 3136 1715 3186 transferuntur
1752 3141 1808 3186 in
1852 3141 2215 3205 proximiorem

1346 3202 1481 3252 diem
1536 3211 1824 3271 sequentem
1874 3219 1980 3253 non
2040 3207 2217 3272 impe-

1346 3268 1511 3318 ditum
1534 3268 1677 3317 Festo
1708 3268 1936 3318 Solemni
1964 3276 2018 3318 et
2037 3272 2211 3338 supra,

1347 3342 1435 3383 aut
1457 3333 1495 3383 F
1498 3337 1601 3382 cria
1623 3331 1797 3401 majori
1821 3337 1996 3402 primae
2014 3334 2213 3385 classis.

1340 3401 1687 3448 ,Annuntiatio
1716 3408 1768 3449 et
1796 3399 2089 3450 Incarnatio
2108 3401 2223 3450 Do-

1348 3468 1505 3526 mini,
1540 3465 1777 3514 translata
1829 3472 1941 3534 post
1983 3465 2181 3517 Pascha
2200 3503 2217 3527 ,

1345 3529 1621 3582 celebratur
1660 3531 1807 3581 Feria
1838 3529 2057 3582 secunda
2099 3540 2220 3602 post
