2392 4050
421 176 488 228 66
869 189 1010 226 mua
1035 187 1233 232 oona-A
1260 185 1321 224 an
1347 183 1753 224 courmomuu.

491 272 549 326 si
588 285 704 324 non
752 270 1030 325 humiliter
1081 270 1272 324 sentie-

419 345 543 399 bam
561 384 575 406 ,
605 345 632 372 ¹*
658 344 752 399 sed
788 344 1010 398 exaltavi
1036 343 1269 396 animam

418 433 632 477 meam;

489 491 642 544 Sicut
677 487 969 543 ablactatus
1009 497 1086 544 est
1115 505 1275 560 super

417 571 590 616 matre
621 579 717 616 sua
733 603 746 624 ,
769 564 796 592 ¹*
819 563 894 617 ita
916 561 1197 617 retributio
1216 563 1273 616 in

419 636 598 690 anima
615 649 755 688 mea.

487 711 678 780 Speret
696 709 856 762 Israel
879 707 940 762 in
957 708 1198 765 Domino
1217 731 1231 768 ς
1248 707 1273 735 ³*

416 797 480 834 ex
503 781 610 835 hoc
633 797 785 835 nunc
803 821 818 844 ‚
850 788 903 834 et
921 781 1168 850 usquein
1191 783 1272 836 se-

415 855 614 908 culum.

489 975 760 1002 cumn-⁴⁴⁴
773 975 1270 1004 uta-*cuuuuuuu

486 1055 583 1106 AD
621 1051 1197 1108 COMPLETORIUM.

663 1145 891 1196 Psamus
921 1162 1003 1198 10.

468 1233 500 1268 u
527 1215 769 1270 Domino
799 1215 1056 1270 confido:
1085 1216 1111 1246 ¹*
1137 1219 1273 1286 quo-

418 1287 585 1350 modo
629 1288 808 1342 dicitis
851 1290 1043 1342 animae
1083 1306 1219 1344 meae
1255 1313 1269 1342 ε

418 1362 770 1433 Transmigra
785 1363 843 1416 in
869 1369 1113 1418 montem
1137 1363 1275 1417 sicut

414 1435 628 1506 passer?

490 1506 767 1571 Quoniam
797 1523 924 1561 ecce
957 1510 1273 1578 peccatores

415 1578 771 1632 intenderunt
804 1595 991 1633 arcum
1011 1621 1025 1643 ,
1051 1584 1271 1651 parave-

410 1656 544 1703 runt
576 1651 789 1718 sagittas
826 1668 947 1706 suas
983 1653 1040 1705 in
1117 1653 1270 1708 hare-

411 1729 520 1782 tra;
551 1720 577 1749 ⁴*
605 1729 666 1774 ut
689 1724 935 1792 sagittent
953 1724 1013 1778 in
1037 1741 1070 1778 ο
1113 1728 1269 1782 scuro

411 1803 588 1849 rectos
613 1797 794 1850 corde.

487 1869 760 1932 Quoniam
802 1885 924 1938 quae
963 1871 1262 1942 perfecisti,

412 1941 820 2003 destruxeruntg
841 1942 867 1970 ¹*
883 1944 1062 2012 justus
1089 1951 1266 1998 autem

412 2013 546 2083 quid
573 2011 739 2069 fecit?

483 2086 752 2140 Dominus
773 2086 831 2140 in
854 2088 1058 2160 templo
1082 2096 1265 2143 sancto

411 2170 508 2243 suo
527 2157 582 2209 z*
597 2159 866 2213 Dominus
883 2160 942 2212 in
961 2162 1098 2215 coelo
1117 2161 1267 2217 sedes

410 2244 544 2298 ejus·
989 2256 994 2261 ·

485 2302 646 2355 Oculi
673 2303 789 2372 ejus
801 2304 860 2357 in
871 2306 1164 2377 pauperem
1187 2324 1266 2363 re·

409 2373 675 2445 spiciunt;
697 2376 724 2403 ¹*
746 2375 1018 2449 palpebras
1041 2380 1158 2448 ejus
1179 2380 1265 2449 in-

409 2450 687 2516 terrogant
712 2448 854 2503 filios
880 2450 1180 2506 hominum.

465 2521 737 2575 Dominus
752 2522 1042 2593 interrogat
1055 2526 1262 2595 justum

407 2598 462 2645 et
483 2590 713 2663 Impium
732 2617 747 2654 ς
768 2594 796 2623 ⁴*
813 2596 908 2665 qui
935 2604 1114 2651 autem
1139 2599 1261 2653 dlli-

407 2664 487 2733 git
504 2665 864 2734 iniquitatem,
881 2668 998 2723 odit
1021 2670 1259 2725 animam

406 2751 578 2789 suam.

478 2807 635 2861 Pluet
665 2823 826 2879 super
853 2812 1159 2879 peccatores
1182 2816 1259 2868 la-

406 2894 574 2948 queos
597 2879 653 2931 ε’
669 2880 837 2949 ignis,
871 2889 923 2935 et
942 2884 1182 2955 sulphur,
1206 2896 1261 2941 et

404 2948 622 3021 spiritus
683 2954 1043 3027 procellarum
1069 2997 1084 3020 ,
1135 2974 1259 3029 pars

405 3020 587 3081 calicis
603 3025 809 3080 eorum.

481 3096 754 3158 Quoniam
771 3099 948 3166 justus
964 3102 1250 3168 Dominus„

401 3173 458 3219 et
475 3166 704 3234 justitias
731 3169 915 3231 dilexit
937 3193 950 3225 ε
983 3172 1010 3201 '¹
1037 3176 1254 3244 aequita-

403 3244 510 3301 tem
535 3239 667 3295 vidit
690 3244 864 3297 vultus
894 3244 1028 3313 ejus.

656 3315 883 3376 Pumus
911 3318 993 3371 ιδ.

402 3341 486 3437 D
503 3399 634 3437 1111·
683 3384 942 3460 insipiens
983 3388 1041 3447 in
1091 3394 1253 3451 corde

399 3468 498 3516 suo
529 3476 543 3506 ε
572 3456 598 3483 ¹*
622 3458 741 3511 Non
767 3466 846 3517 est
867 3462 1028 3521 Deus,

1418 267 1673 338 corrupti
1720 274 1844 320 sunt
1892 273 1947 320 et
1999 265 2224 322 abomi-

1342 340 1554 396 nAbiles
1597 339 1727 394 facti
1758 344 1887 392 sunt
1920 341 1981 394 in
2020 340 2227 394 studiis

1343 414 1451 466 suis
1507 434 1521 464 ι
1560 412 1586 442 ⁴*
1622 429 1736 466 non
1779 419 1857 466 est
1902 413 2003 483 qui
2048 413 2229 468 faciat

1340 486 1549 540 bonum
1562 525 1579 548 ‚
1620 483 1737 541 non
1784 495 1863 540 est
1918 503 2099 556 usque
2148 486 2228 540 ad

1342 575 1532 614 unum.

1412 632 1684 687 Dominus
1696 633 1765 686 de
1778 631 1919 684 coelo
1929 632 2227 704 prospexit

1342 720 1403 757 su
1472 721 1501 757 ι·
1536 704 1681 759 fssios
1716 704 2044 765 hominunm
2089 705 2120 734 ³*
2160 713 2225 758 ut

1342 777 1391 829 vi
1432 785 1520 831 eat
1556 777 1601 830 si
1632 783 1712 830 est
1742 777 2085 848 intelligens„
2124 787 2225 833 aut

1341 849 1619 919 requirens
1640 853 1836 903 Deum.

1416 925 1620 977 Omnes
1656 923 2099 987 declinaverunt,
2154 923 2219 978 si·

1342 995 1460 1048 mul
1476 995 1697 1049 inutiles
1714 995 1843 1048 facti
1862 1002 1993 1050 sunt
2013 1019 2027 1050 ε
2051 997 2080 1023 ¹*
2093 1013 2219 1050 non

1343 1075 1421 1122 est
1440 1069 1535 1138 qui
1552 1067 1718 1122 faciat
1732 1067 1947 1122 bonum
1961 1109 1977 1132 ‚
1996 1086 2122 1124 non
2138 1078 2225 1124 est

1344 1157 1513 1210 usque
1538 1141 1609 1194 ad
1631 1157 1825 1196 unum.

1414 1215 1734 1284 Sepulcrum
1761 1221 1953 1287 patens
1978 1221 2065 1268 est
2087 1225 2219 1285 gut-

1342 1293 1431 1339 tur
1469 1288 1693 1347 eorum;
1736 1287 1935 1358 linguis
1971 1289 2086 1341 suis
2122 1291 2221 1344 do-

1342 1360 1451 1413 lose
1501 1359 1731 1428 agebant
1782 1382 1797 1412 ι
1850 1360 1876 1387 ⁴*
1926 1363 2219 1415 venenum

1344 1431 1590 1504 aspidum
1618 1433 1715 1487 sub
1735 1431 1893 1486 labiis
1911 1434 2131 1488 eorum.

1414 1507 1661 1569 Quorum
1716 1521 1777 1559 os
1816 1505 2218 1562 maledictione

1340 1583 1395 1630 et
1414 1577 1773 1632 amaritudine
1789 1577 2018 1648 plenum
2041 1587 2125 1634 est
2150 1603 2167 1632 z
2188 1580 2218 1608 ³

1340 1651 1546 1704 veloces
1588 1651 1752 1720 pedes
1789 1652 1981 1704 eorum
2024 1653 2097 1708 ad
2138 1651 2217 1707 ef·

1341 1723 1684 1777 fundendum
1706 1725 2046 1792 sanguinem.

1412 1795 1678 1850 Contritio
1716 1803 1769 1851 et
1804 1795 2108 1852 infelicitas
2147 1799 2217 1852 in

1338 1867 1433 1921 viis
1446 1869 1635 1922 eorum
1652 1874 1746 1931 „et
1757 1869 1897 1923 viam
1914 1872 2072 1942 pacis
2088 1888 2217 1925 non

1339 1943 1735 2010 cognoverunt;
1755 1941 1783 1970 ⁴*
1801 1957 1914 1996 non
1935 1951 2014 1997 est
2036 1946 2217 1999 timor

1338 2015 1440 2069 Dei
1468 2021 1591 2069 ante
1614 2016 1803 2069 oculos
1830 2016 2042 2073 eorum.

1408 2090 1599 2142 Nonne
1638 2097 1971 2159 cognoscent
2007 2106 2216 2145 omnes

1338 2160 1432 2227 qui
1448 2170 1745 2232 operantur
1768 2162 2121 2230 iniquitatem
2141 2204 2159 2227 ,
2183 2164 2213 2195 ¹·

1336 2233 1430 2301 qui
1464 2233 1723 2288 devorant
1752 2234 1972 2305 plebem
2014 2252 2209 2291 meam

1336 2306 1479 2359 sicut
1500 2322 1678 2361 escam
1703 2308 1897 2380 panis?

1404 2380 1707 2434 Dominum
1752 2396 1871 2434 non
1915 2380 2211 2436 invocave-

1332 2458 1461 2503 runt
1496 2474 1508 2503 ε
1550 2452 1665 2505 illic
1702 2453 2119 2525 trepidaverunt
2141 2455 2209 2509 ti·

1330 2523 1483 2576 more
1500 2564 1515 2587 ‚
1538 2523 1633 2577 ubi
1656 2542 1774 2579 non
1802 2533 1917 2579 erat
1942 2527 2149 2587 timon
2174 2527 2207 2557 ¹¹

1332 2595 1589 2664 quoniam
1606 2598 1877 2653 Dominus
1896 2599 1957 2653 in
1974 2616 2207 2671 genera-

1331 2668 1479 2722 tione
1492 2670 1636 2738 justa
1654 2678 1750 2726 est.

1404 2740 1701 2795 Consilium
1718 2742 1897 2815 inopis
1917 2744 2203 2801 confudis-

1328 2813 1395 2866 tis
1408 2853 1424 2877 ‚
1448 2815 1474 2843 ¹*
1498 2816 1755 2883 quoniam
1776 2817 2053 2871 Dominus
2074 2834 2201 2891 spes

1328 2887 1445 2954 ejus
1460 2893 1557 2941 est.

1400 2960 1535 3023 Quis
1552 2959 1705 3013 dabit
1722 2976 1787 3015 ex
1806 2961 1941 3016 Sion
1958 2963 2205 3017 salutate

1326 3031 1485 3085 Israel
1498 3033 1523 3085 ἱ)
1541 3033 1567 3061 ¹*
1588 3034 1715 3085 cum
1732 3035 1987 3089 averterit
2008 3036 2204 3090 Domi·

1324 3105 1801 3175 nuscaptivitatem
1828 3105 2005 3177 plebis
2038 3126 2156 3163 suae
2180 3150 2201 3173 ‚

1324 3176 1583 3302 cxultla'tbit
1598 3178 1771 3233 Jacob
1788 3219 1804 3242 ,
1834 3186 1887 3234 et
1913 3180 2202 3237 laetabitur

1324 3251 1463 3303 Israe
1486 3288 1500 3305 .

1570 3324 1802 3381 Psmus
1833 3326 1919 3382 15.

1324 3351 1623 3447 Consum
1669 3410 1761 3451 me
1776 3436 1792 3459 ,
1839 3396 2088 3456 Domine
2104 3440 2120 3463 ,
2172 3401 2199 3430 ¹*

1226 3506 1237 3520 .
1325 3466 1596 3555 qucniaml
1608 3469 1815 3543 speravi
1839 3470 1899 3529 in
1924 3475 1998 3529 te.

2384 255 2386 264 π

2384 271 2387 284 Ι
