2392 4050
26 264 35 365 'f

54 182 83 233 f

884 215 1009 255 uns
1028 217 1230 256 mru-

168 301 283 349 rium
312 293 475 346 breve
510 310 669 364 usque
699 291 767 343 ad
792 293 1024 346 Versum.

222 379 341 429 207.
362 362 434 413 In
454 362 787 430 Responsorio
804 361 946 412 brevi
964 361 1029 412 ad

170 431 383 481 Primam
402 466 419 491 ,
449 431 668 488 Christe,
690 427 724 481 ᾖ
748 427 851 484 Qui
866 430 1026 488 sede-3,

162 501 247 566 qui
275 495 477 546 dicitur
488 509 586 609 dm-
611 509 837 553 annum⁴
862 501 1031 542 muta-

164 573 237 612 tur
266 563 486 632 aliquan
522 575 555 610 ο
588 561 644 607 in
680 557 861 608 Officio
876 596 889 621 ,
921 563 1029 611 sive

163 630 221 678 de
256 629 531 696 Tempore,
570 628 677 675 sive
712 623 775 675 de
807 625 1027 689 Sanctis,

164 705 215 745 ut
255 697 316 745 in
368 695 591 764 propriis
640 691 763 742 locis
805 700 1025 742 notatur.

168 762 342 812 Versus
390 767 568 809 autem
652 761 845 826 roprius
866 796 881 820 ‚
938 762 1031 828 qui

167 831 288 878 intra
326 826 563 896 aliquam
660 834 854 875 ctavam
893 822 1031 875 dici·-

176 905 260 956 tur,
281 897 444 943 etiam
472 889 721 942 dicendus
746 899 823 941 est
843 893 901 941 in
928 891 1031 940 Fe·-

168 964 246 1010 stis
279 956 669 1010 occurrentibus
686 994 700 1018 ‚
739 955 943 1026 quando
975 960 1030 1007 in

168 1031 231 1141 3⁵
258 1033 539 1095 usurpatur
570 1023 849 1094 Doxologia
878 1020 1032 1092 hujus

208 1101 382 1143 ctavae.

226 1161 344 1210 208.
386 1157 455 1208 In
478 1155 719 1206 omnibus
749 1153 911 1206 Festis
932 1152 1032 1205 So-

168 1225 415 1276 lemnibus
436 1232 491 1274 et
504 1221 850 1283 Annualibus‚
874 1223 1033 1290 (prae-

169 1301 390 1362 terquam
450 1289 480 1340 ὲ
540 1289 917 1358 Septuagesima
968 1287 1033 1338 ad

172 1357 373 1426 Pascha)
394 1361 456 1406 in
486 1353 668 1406 diebus
688 1355 718 1405 a
755 1355 1034 1406 Nativitate

168 1423 372 1474 Domini
379 1422 448 1473 ad
459 1421 701 1472 Octavam
716 1419 1032 1536 Ερίἕὴοιιίεε,

172 1501 217 1540 ct
252 1500 357 1541 toto
394 1489 647 1558 Tempore
685 1488 803 1538 Pasc
842 1487 944 1550 ali,
977 1505 1035 1538 ae

172 1561 295 1608 intra
326 1556 551 1608 Octavas
584 1557 737 1624 primi
772 1563 824 1605 et
854 1571 1036 1604 secun-

171 1623 220 1673 di
252 1621 465 1673 Ordinis
480 1660 495 1685 ‚
514 1625 671 1672 etiam
688 1625 747 1671 in
763 1621 805 1672 F
806 1624 927 1671 estis
944 1637 1036 1671 oc-

172 1689 461 1740 curentibus
483 1726 499 1752 ,
538 1705 737 1738 necnon
776 1691 835 1738 in
874 1686 1035 1738 Festis

174 1756 655 1835 Transfigurationis
682 1762 732 1805 et
766 1753 1036 1804 visitatio-

172 1825 265 1884 nis,
280 1826 335 1872 in
348 1824 456 1871 ime
468 1821 913 1890 Responsoriorum
926 1819 1037 1869 bre-

178 1892 305 1940 vium
329 1889 523 1939 Tertiae
540 1925 556 1950 ,
586 1888 753 1938 Sextae
782 1895 834 1936 et
857 1885 1033 1947 Neine,

176 1964 283 2006 ante
307 1955 529 2005 Versum
561 1954 800 2005 dicuntur
821 1951 923 2002 duo
944 1956 1037 2002 Ab-

182 2026 340 2085 Ιεὶιιίας
382 2039 502 2092 quae
524 2025 679 2072 etiam
702 2028 813 2089 post
838 2017 1034 2070 dictum

182 2086 382 2139 Versum
416 2105 511 2157 pro
546 2087 921 2139 Reclamatione
954 2103 1039 2135 re·-

235 2163 427 2204 tnntur.
471 2153 577 2205 Sed
606 2153 671 2205 ad
708 2152 1034 2222 Responsoria

231 2224 339 2272 evia
382 2220 572 2270 Primae
622 2229 675 2273 et
714 2219 1037 2288 Completorii

176 2303 269 2335 non
289 2285 500 2337 additur
514 2289 753 2348 Alleluia,
769 2288 873 2335 nisi
890 2285 1039 2336 Tem-

179 2370 286 2419 pore
310 2351 567 2404 Paschali.

368 2462 517 2501 CAP
541 2462 631 2499 U'r
680 2461 835 2499 XVI.

427 2529 781 2580 DePrecibus.

241 2633 356 2683 παρ.
400 2616 577 2667 Preces
593 2624 825 2665 constant
842 2616 1039 2685 aliquot

182 2682 453 2734 Ver-siculis
467 2720 482 2745 ,
514 2685 622 2733 sive
652 2681 879 2751 pluribus
894 2718 907 2742 ,
931 2684 1038 2733 sive

183 2748 518 2816 paucioribus,
544 2764 634 2816 pro
656 2746 850 2798 dierum
873 2747 1041 2799 diver-

184 2819 319 2867 sitate
334 2854 349 2879 ,
384 2818 481 2885 qui
501 2813 741 2865 dicuntur
760 2824 877 2865 ante
913 2814 1041 2864 Ora-

184 2886 364 2932 tionem
384 2919 399 2944 ,
432 2884 686 2949 praemisso
718 2882 893 2946 Kym‘e,
913 2884 1040 2931 elei-

182 2966 281 3008 son,
301 2958 355 2999 et
371 2949 521 2997 Pater
538 2955 718 3006 noster,
731 2949 815 2997 cui
836 2945 1041 2996 additur

188 3016 329 3064 t'redo
360 3010 431 3062 ad
468 3010 686 3061 Primam
714 3021 766 3062 et
794 3011 858 3062 ad
892 3013 1041 3063 Com-

185 3078 481 3144 pletorium,
516 3087 576 3128 ut
608 3077 825 3129 habetur
861 3082 917 3130 in
949 3078 1043 3129 Or-

182 3140 377 3196 dinario
400 3144 665 3195 Breviarii.

247 3228 364 3262 210.
408 3212 583 3261 Preces
614 3209 692 3261 hae
719 3210 959 3262 dicuntur
984 3214 1041 3259 in

190 3276 363 3329 officio
393 3277 579 3328 Feriali
601 3276 822 3340 tantum,
845 3287 1045 3345 praeter-

190 3360 335 3412 quam
356 3349 415 3394 in
446 3344 605 3393 Feriis
638 3343 668 3393 a
692 3342 1044 3394 circumcisio·-

190 3426 249 3459 ne
267 3410 331 3460 ad
354 3410 791 3459 Praesentationem
810 3410 1041 3471 Domini,

195 3485 241 3523 et
267 3484 371 3527 toto
403 3474 645 3545 Tempore
688 3474 915 3526 Paschali
933 3513 949 3541 ‚
987 3478 1043 3526 in

194 3542 371 3609 quibus
396 3544 718 3593 omittuntur.

1878 217 1950 270 ‘²9

1164 311 1281 347 Ωιι.
1319 295 1577 345 Dicuntur
1612 302 1781 346 autem
1815 294 1960 346 ssexis

1096 362 1309 431 genibus
1334 361 1398 412 ad
1415 377 1587 412 omnes
1611 359 1785 424 Horas,
1807 365 1958 411 etiam

1098 433 1155 481 in
1176 429 1408 498 Vesperis
1425 466 1439 491 ,
1461 427 1491 477 ἰι
1515 426 1660 476 Feria
1680 436 1858 497 quarta
1881 428 1962 478 Ci-

1098 513 1276 546 nerum
1309 513 1342 546 u
1439 511 1466 544 e
1491 492 1556 543 ad
1583 493 1777 544 Nonam
1802 493 1961 544 Feriae

1098 572 1289 632 quartae
1403 559 1551 642 ajoris
1625 559 1961 611 Hebdomadas

1098 629 1347 680 inclusive
1371 666 1386 690 ,
1425 644 1482 678 m
1541 624 1720 676 Officio
1775 627 1961 678 Feriali

1100 695 1318 746 tantum.
1361 694 1492 744 Item
1532 696 1589 743 in
1624 692 1784 742 Feriis
1822 693 1964 759 Qua-

1099 770 1214 812 tuor
1229 761 1532 830 Temporum
1550 798 1564 822 ‚
1601 759 1960 829 (praeterquam

1100 832 1234 879 intra
1266 827 1506 880 Octavam
1544 826 1885 894 Pentecostes)
1911 835 1962 875 et

1101 898 1156 944 in
1188 895 1395 963 Vigiliis
1431 892 1793 962 simplicibus,
1833 910 1963 964 quo-

1102 965 1310 1012 tiescum
1349 977 1412 1011 ue
1439 959 1675 1009 Officium
1698 957 1759 1009 fit
1788 957 1850 1026 cle
1875 963 1957 1009 iis.

1166 1044 1284 1078 212.
1337 1045 1373 1076 n
1406 1029 1584 1077 ceteris
1609 1025 1786 1089 Feriis,
1807 1029 1960 1076 etiam

1103 1093 1368 1145 Adventus
1384 1131 1398 1156 ‚
1424 1093 1598 1143 Preces
1627 1091 1868 1142 dicuntur
1897 1092 1963 1142 ad.

1106 1160 1326 1210 Primam
1347 1160 1595 1210 duntaxat
1609 1195 1624 1220 ‚
1659 1167 1710 1208 et
1728 1158 1792 1208 ad
1815 1159 1964 1208 Com-

1102 1227 1391 1295 pletorium.
1437 1224 1538 1275 Sed
1571 1224 1600 1274 a
1636 1224 1718 1274 die
1755 1223 1817 1275 15
1851 1224 1964 1274 Dc—

1102 1292 1318 1343 cembris
1335 1331 1348 1356 ,
1419 1302 1587 1360 ropter
1615 1288 1822 1358 majores
1854 1291 1964 1339 An-

1104 1362 1143 1408 ti
1184 1359 1342 1409 bonas
1379 1311 1440 1419 B,
1473 1361 1602 1407 ritus
1639 1355 1846 1405 Semidu
1881 1355 1964 1405 lex

1104 1377 1378 1476 atlbibetur
1413 1427 1469 1474 in
1507 1422 1740 1491 Vesperis
1764 1459 1779 1484 ‚
1829 1425 1848 1472 i
1885 1439 1966 1472 eo—

1102 1507 1205 1562 que
1245 1492 1417 1542 Preces
1443 1494 1750 1540 omittuntur
1774 1487 1838 1538 ad
1861 1488 1965 1538 Ve-

1104 1576 1268 1628 speras
1296 1562 1353 1608 in
1371 1558 1534 1618 ,Feriis
1564 1556 1788 1623 Quatuor
1806 1555 1963 1606 Tem-

1168 1641 1300 1688 rum,
1320 1627 1394 1693 (in
1408 1622 1592 1694 quibus
1601 1622 1723 1673 alitis
1737 1621 1964 1674 dicendae

1124 1694 1296 1761 orent)
1327 1699 1378 1744 et
1397 1688 1626 1762 quotidie
1646 1689 1711 1740 ad
1731 1689 1964 1759 Comple—

1107 1762 1308 1809 torium.

1169 1825 1288 1875 213.
1330 1825 1754 1894 Quotiescumque
1792 1831 1960 1873 autem

1104 1890 1168 1941 ad
1192 1889 1383 1941 Laudes
1408 1900 1459 1942 et
1485 1890 1549 1941 ad
1574 1889 1812 1958 Vesperas
1845 1889 1964 1938 Pre-

1105 1974 1183 2008 ces
1206 1957 1356 2008 dictae
1381 1966 1500 2008 sunt
1514 1994 1529 2020 ‚
1560 1965 1684 2007 tunc
1707 1956 1880 2006 Preces
1900 1954 1964 2003 ad

1110 2025 1330 2075 Primam
1367 2034 1419 2075 et
1455 2023 1520 2075 ad
1571 2021 1960 2092 Completorium

1105 2090 1346 2143 dicuntur
1381 2091 1526 2142 flexis
1549 2090 1792 2161 genibu33
1841 2088 1964 2139 alitis

1108 2158 1252 2209 flexis
1274 2158 1482 2229 genibus
1511 2172 1614 2207 non
1636 2155 1892 2207 dicuntur.

1172 2226 1290 2291 214.
1324 2223 1539 2291 Quando
1572 2222 1816 2273 dicuntur
1844 2221 1965 2271 Pre-

1106 2308 1185 2342 ces
1215 2291 1360 2342 flexis
1395 2289 1636 2359 genibus„
1673 2291 1851 2341 ceteris
1873 2304 1963 2356 ge-

1106 2374 1208 2408 nua
1248 2356 1567 2409 flectentibus
1585 2393 1598 2417 ,
1636 2364 1688 2406 et
1717 2356 1966 2404 conversis

1106 2424 1171 2474 ad
1192 2423 1346 2474 altare
1362 2460 1375 2484 ‚
1396 2420 1660 2472 Celebrans
1686 2421 1820 2470 solus
1845 2434 1967 2468 con-

1106 2506 1278 2542 versus
1307 2487 1372 2538 ad
1400 2487 1618 2537 Chorum
1638 2524 1652 2549 ,
1679 2502 1838 2555 genua
1869 2484 1968 2533 sse·-

1108 2558 1206 2606 etit
1249 2561 1302 2604 et
1352 2555 1538 2620 incipit
1581 2554 1754 2617 Kyrie‚
1796 2566 1854 2599 ac
1911 2552 1966 2597 in

1108 2619 1283 2672 eodem
1317 2621 1421 2670 ritu
1455 2626 1617 2668 cetera
1653 2618 1968 2686 prosequitur

1108 2704 1267 2757 usque
1288 2684 1351 2735 ad
1374 2685 1613 2734 Dominus
1634 2684 1894 2732 vobiscum.

1174 2752 1292 2803 215.
1343 2753 1407 2801 In
1454 2748 1689 2800 Precibus
1738 2748 1962 2798 Laudum

1108 2830 1159 2871 et
1182 2819 1508 2888 vesperarum
1526 2853 1539 2879 ‚
1582 2814 1646 2865 ad
1685 2815 1969 2867 Versiculos

1115 2888 1317 2936 Oramus
1344 2902 1443 2952 pro
1481 2886 1616 2948 Papa
1641 2890 1802 2931 nostro
1812 2917 1962 2941 .....

1102 2970 1197 3017 pro
1217 2954 1450 3002 Antistite
1466 2957 1709 3006 nostr-ow.
1727 2964 1821 3011 pro
1836 2950 1968 3012 Beye

1109 3026 1270 3067 nostro
1313 3020 1382 3066 N.
1431 3012 1634 3063 additur
1653 3028 1838 3063 nomen
1871 3014 1966 3061 Pa—

1110 3100 1214 3153 pae,
1241 3080 1618 3149 Archiepiscopi
1633 3117 1647 3141 ‚
1672 3089 1722 3130 et
1743 3079 1910 3147 Regis.

1176 3150 1294 3199 216.
1328 3149 1752 3215 Quotiescumque
1779 3145 1967 3196 dicitur

1116 3215 1366 3281 Coafideor,
1400 3213 1466 3263 ad
1515 3212 1733 3262 Primam
1775 3220 1864 3261 aut
1903 3211 1966 3260 ad

1112 3279 1500 3349 Completorium
1509 3316 1523 3340 ‚
1537 3276 1840 3329 observanda
1851 3286 1968 3327 sunt

1100 3362 1224 3426 -quae
1240 3352 1480 3397 notantur
1497 3348 1554 3394 in
1568 3344 1836 3394 Ordinario
1854 3344 1972 3392 Bre-

1111 3416 1290 3474 viarii,
1307 3415 1437 3462 circa
1454 3412 1744 3463 varietatem
1763 3424 1968 3461 vocum:

1112 3480 1268 3539 vobis,
1285 3478 1470 3545 fratres
1486 3497 1498 3539 3
1523 3484 1575 3526 et
1589 3494 1694 3535 vos,
1709 3474 1914 3540 fratres.

1178 3560 1236 3594 21
1249 3558 1298 3611 7.
1341 3540 1424 3592 Ad
1453 3543 1493 3600 ᾖ
1531 3544 1770 3591 Dominus
1801 3542 1972 3590 vobis-
