2392 4050
700 200 921 240 CUONES
940 199 1163 239 nmnou.
1193 203 1246 240 lv
1270 201 1396 239 POST
1419 200 1626 240 usens-

1899 184 2051 254 cxxiij

254 300 401 342 rum
428 290 670 356 quaestu,
705 299 809 338 nec
842 281 1133 353 cujoslibet
1199 283 1304 338 bus
1326 283 1562 357 populis,
1599 297 1692 336 seu
1722 279 2050 344 carnalibus,

264 358 492 415 alterius
538 356 714 430 turpis
749 356 891 412 lucri
928 355 1097 428 gratia
1114 397 1129 421 ,
1201 359 1367 429 plana
1391 367 1552 428 atque
1577 355 1912 419 commonia,
1938 370 2052 408 non

261 431 370 488 sed
404 429 570 485 solius
626 430 824 484 Christi
880 431 1063 484 amore
1105 432 1136 483 a

264 503 555 576 discipulis
594 505 641 573 ej
650 520 713 557 us
758 510 837 558 est
877 518 1135 574 peragen-

265 580 365 635 da.
398 577 658 646 Quisquis
678 576 864 646 igitur,
893 575 974 629 sui
996 592 1135 645 quae·

262 653 410 714 stiis,
438 666 555 703 non
588 649 692 704 Dei
718 651 922 711 causti,
958 651 1135 703 Evan-

264 723 507 796 gelicam
549 721 997 795 praedicationem
1030 723 1135 776 im·

265 798 427 870 plet,
467 797 630 866 longe
666 811 721 848 se
758 798 788 849 a
813 794 1137 867 discipulatu

264 869 480 924 Christi
507 867 763 939 sejungit.
791 867 1038 933 Qualiter
1050 885 1137 924 au-

266 953 391 998 tem
434 942 463 994 a
508 940 783 1016 discipulis
814 942 1006 1011 exequi
1045 941 1135 996 do-

268 1015 438 1077 beat·,
462 1023 513 1068 et
532 1015 949 1084 Evangeliorum
968 1014 1137 1068 docu-

277 1095 471 1142 menta
496 1096 550 1142 et
580 1089 888 1142 sanctorum
914 1090 1138 1142 Patrum

272 1168 643 1216 monumenta
666 1168 948 1215 testantur.

425 1235 634 1290 FERIA
682 1235 988 1299 QUARTA.

368 1309 448 1361 Ex
487 1305 731 1364 Concilio
762 1308 1046 1361 Toletano.

439 1381 596 1435 1565.
620 1379 738 1434 Act.
759 1381 809 1433 5.
841 1399 882 1434 c.
915 1381 967 1436 5.

276 1409 619 1529 Qurcmmun
640 1453 1004 1527 ⁸praedicando
1028 1467 1140 1506 ver-

277 1525 355 1578 bo
404 1525 509 1580 Dei
567 1542 631 1580 ae
682 1524 943 1580 docendae
992 1524 1141 1597 plebi

278 1595 599 1652 christiinae
621 1599 843 1668 operam
869 1598 1136 1661 dederint,

274 1683 504 1794 prorsus
540 1673 571 1724 a
614 1670 1004 1741 quaestionihus
1034 1670 1141 1724 dif-

322 1740 518 1796 eilibus
572 1756 635 1794 ac
679 1743 948 1815 perplexis
986 1742 1142 1796 absti-

280 1823 473 1875 neant,
502 1829 558 1867 se
588 1813 657 1868 ad
682 1825 902 1888 captum
931 1815 1141 1870 audito-

280 1901 408 1939 rum
469 1902 771 1957 eorumque
838 1889 1141 1943 aedificatio·

280 1973 410 2012 nem
422 1958 778 2017 demittentes.
787 1961 1141 2033 Evangelium

278 2034 461 2105 ipsum
484 2034 933 2107 interpretatione
969 2036 1137 2101 sacili,

280 2108 453 2177 eaque
494 2110 779 2163 communi
828 2113 1140 2166 sanctorum

278 2180 503 2233 Pati-um
524 2188 689 2250 atque
708 2181 1140 2239 orthodoxorum

280 2250 519 2307 virorum
573 2268 839 2308 consensu
891 2262 1135 2327 recepta,

282 2323 623 2380 auditoribus
664 2329 975 2398 exponant,
1025 2344 1139 2383 eos-

282 2412 389 2467 que
413 2405 532 2452 toto
554 2400 737 2453 stodio
762 2400 1030 2456 instruere
1047 2418 1140 2455 co·

280 2480 501 2525 nentur.

439 2546 648 2599 FERIA
686 2546 970 2610 QUINTA.

282 2618 360 2671 Ex
397 2617 645 2671 Concilio
694 2620 1133 2690 Aquisgranensi.

450 2690 575 2744 816.
611 2692 673 2745 L.
706 2710 753 2747 1.
789 2712 831 2747 c.
863 2694 951 2747 25.

283 2723 477 2815 Purus
512 2763 815 2835 prudentiae
834 2766 1003 2821 virtus
1025 2772 1133 2829 est,

288 2848 406 2887 eam
437 2850 604 2905 quam
637 2838 834 2893 docere
857 2841 1133 2913 oporteat,

285 2904 581 2964 existimare
616 2912 922 2980 personam.
972 2913 1137 2967 liiidi-

1203 447 1416 486 summa
1453 437 1614 501 atque
1651 428 1820 483 ardua
1859 429 2055 500 praedi-

1205 505 1379 558 canda
1405 511 1562 566 sunt3
1595 519 1665 556 ne
1695 503 2058 557 immensitate

1205 577 1463 633 doctrinae
1519 576 1902 646 opprimantur
1957 576 2058 647 po-

1206 651 1310 705 tius
1335 652 1496 721 quam
1521 648 1855 702 erudiantur.

1385 724 1591 777 FERIA
1628 722 1875 776 SEXTA.

1263 800 1340 851 Ex
1383 794 1629 850 Concilio
1679 794 1994 848 Coloniensi

1527 868 1728 940 primu.

1317 944 1475 996 1556.
1507 945 1660 995 Part.
1686 944 1736 995 6.
1761 959 1801 995 c.
1835 941 1924 992 25.

1209 975 1676 1073 ennomus-rous
1739 1013 2058 1068 Sanctorum

1207 1088 1446 1144 historiis
1466 1105 1536 1142 ne
1559 1087 1724 1140 nimis
1754 1086 1850 1140 diu
1873 1085 2062 1138 immo-

1209 1169 1398 1216 rentur
1451 1183 1467 1212 :
1521 1161 1654 1230 quin
1717 1161 1899 1231 potior
1940 1173 2062 1228 pars

1208 1233 1498 1304 Evangelio
1535 1235 1694 1288 detur
1733 1238 1785 1286 et
1814 1235 1857 1286 E
1897 1230 2064 1284 istolae

1209 1305 1558 1379 explicandis.
1579 1305 1744 1371 Quod
1755 1306 1800 1360 si
1821 1304 1874 1358 sa
1914 1304 2065 1358 ulosa

1210 1379 1480 1434 videbitur
1510 1378 1732 1433 historia
1751 1419 1764 1440 ‚
1809 1394 1882 1431 ne
1913 1378 2070 1430 attin-

1208 1461 1340 1526 gant
1382 1452 1640 1524 quidem;
1673 1452 1719 1505 si
1743 1449 2065 1512 verisiniiliS‚
2163 1451 2179 1462 ²

1211 1527 1428 1581 leviter:
1447 1529 1618 1596 eaque
1640 1523 1934 1596 decerpant
1946 1538 2067 1594 quae

1210 1599 1783 1654 imitandavideantur.
1810 1596 2070 1650 Miracula

1213 1689 1432 1743 quoque
1470 1688 1538 1725 ne
1581 1670 1952 1741 impudentius
1982 1671 2066 1739 ja-

1212 1753 1448 1808 ctentur,
1486 1744 1591 1799 nisi
1618 1759 1740 1813 quae
1780 1743 2069 1815 scripturis

1211 1819 1456 1890 prodita,
1504 1823 1596 1871 aut
1635 1818 1666 1870 a
1706 1832 1823 1870 non
1865 1813 2073 1869 levibus

1211 1889 1578 1964 Scriptoribus
1595 1905 1813 1942 summa
1837 1902 1974 1942 cum·
1985 1888 2068 1941 hi-

1212 1965 1388 2021 storiae
1412 1965 1520 2020 fide
1544 1962 1742 2018 tradita
1771 1961 1991 2017 foerint.

1465 2039 1808 2094 SABBATO.

1279 2116 1359 2167 Ex
1393 2112 1642 2167 Concilio
1684 2110 1998 2166 Coloniensi

1532 2186 1732 2257 primo.

1325 2258 1479 2310 1556.
1511 2258 1662 2309 Part.
1693 2258 1746 2309 6.
1776 2275 1818 2308 c.
1851 2258 1933 2309 15.

1212 2291 1408 2381 Enn-
1445 2328 1721 2382 Parochus
1773 2328 1833 2381 in
1881 2342 2066 2398 repre-

1210 2400 1516 2457 hendendis
1553 2397 1878 2455 criminibus
1915 2400 2069 2454 vehe-

1211 2491 1367 2529 mens
1385 2482 1544 2544 atque
1561 2490 1682 2528 acer
1705 2496 1718 2525 =
1748 2472 2068 2528 constittitus

1212 2555 1290 2602 est
1307 2548 1455 2601 enim
1480 2555 1540 2601 ut
1559 2546 1847 2601 annuntiet
1861 2547 2067 2618 populo

1211 2622 1409 2676 scelera
1434 2622 1656 2684 eorum3
1697 2620 1776 2674 sie
1797 2626 1982 2675 tamen
2007 2627 2068 2673 ut

1209 2694 1268 2748 in
1306 2702 1556 2765 suggesto
1587 2694 1716 2748 vitia
1749 2694 1963 2747 tantum
1988 2708 2067 2747 re-

1208 2769 1537 2840 prehendat,
1561 2782 1675 2821 non
1695 2769 1952 2839 personas
1970 2778 2065 2819 no-

1209 2841 1454 2896 minatim
1488 2842 1828 2913 perstringat.
1857 2843 1940 2895 Tu
1972 2856 2066 2893 au-

1209 2921 1349 2978 tem,
1379 2911 1645 2978 Domine,
1675 2922 1777 2971 etc.

973 3158 1454 3303 »aaz«
