2392 4050
629 176 683 212 ιι
712 159 755 211 J
756 157 878 213 unii.
910 175 951 212 s.
974 177 1213 215 mmmm
1240 174 1500 214 Αιόετοιι.

1847 161 1954 231 5ι7

180 255 1039 326 sentSalaminam‚praedicebant
1108 263 1169 328 γ.
1226 259 1414 313 Posuit
1457 257 1730 313 Dominus
1767 258 1827 314 in
1879 262 1956 314 eis

182 332 409 386 verbum
434 331 535 383 Dei
556 329 611 381 in
633 331 920 401 metropoli
946 335 1037 401 Cy·
1108 332 1268 386 verba
1302 333 1582 402 signorum
1619 333 1870 394 suorum,
1902 340 1957 386 et

178 406 281 476 pri.
335 406 439 458 Per
482 418 688 456 annum
727 405 1040 457 manserunt

180 476 504 533 Antiochiae.
523 474 926 545 oporte-batillo
946 475 1035 529 ab·

183 551 293 612 ire,
328 565 434 602 nec
463 563 677 618 semper
703 547 796 600 hic
828 548 1028 602 sedere.

182 622 481 690 Majoribus
502 635 640 690 opus
659 619 927 674 habebant
946 622 1037 676 do-

182 695 439 749 ctoribus,
478 692 609 746 Vide
635 693 912 760 quomodo
940 695 1034 747 Se·

185 768 375 821 leticiae
412 780 527 818 non
567 780 746 818 moras
781 766 1030 828 trahant,

183 843 411 894 scientes
430 841 459 892 h
477 838 651 890 vicina
674 839 883 891 civitate
903 840 1035 891 mul-

184 915 301 966 tum
316 911 559 966 utilitatis
578 911 837 981 accepisse
856 911 1034 964 Seleu-

184 987 417 1046 cienses;
457 983 549 1037 sed
572 982 682 1036 illic
706 983 865 1036 etiam
891 983 1033 1037 festi-

182 1066 320 1112 nant
354 1057 422 1111 ad
453 1073 515 1109 ea
540 1072 659 1124 quae
685 1057 854 1125 magis
880 1059 1033 1126 urge-

181 1131 335 1184 bant.
387 1132 517 1181 Nam
556 1134 619 1180 ut
661 1133 924 1182 venerunt
966 1130 1034 1182 ad

180 1202 528 1273 metropolim
555 1201 743 1255 {nsulae
760 1244 772 1264 ‚
808 1204 1032 1256 Procon-

181 1277 357 1329 sulem
393 1276 685 1330 emendare
725 1274 1027 1328 studebant.

185 1349 353 1414 Quod
371 1354 551 1401 autem
571 1364 682 1400 non
698 1365 761 1400 ex
774 1347 1031 1401 adulatio-

182 1440 253 1475 ne
294 1421 507 1476 dic-'itur
523 1460 536 1482 ,
575 1423 703 1474 Erat
739 1436 861 1472 cum
902 1423 1032 1473 Pro-

183 1495 409 1549 consule
433 1494 547 1546 viro
570 1495 834 1564 prudente
848 1534 863 1555 ,
890 1509 953 1546 ex
977 1510 1033 1546 re

182 1570 296 1640 ipsa
316 1567 461 1620 disce
480 1567 754 1634 quomodo
770 1582 883 1618 non
902 1567 1035 1620 mul·

182 1641 251 1694 tis
280 1638 627 1693 sermonibus
660 1655 797 1710 opus
829 1637 1033 1692 habue-

180 1715 287 1774 rit,
318 1712 598 1781 quomodo
633 1712 860 1765 voluerit
894 1713 1036 1783 ipsos

182 1785 391 1839 audire.
438 1787 504 1836 Et
538 1784 675 1837 nihil
711 1786 929 1853 quidem
967 1784 1035 1838 ad

182 1874 407 1928 magum
448 1858 652 1911 dictum
668 1897 681 1919 ,
728 1858 905 1911 donec
942 1857 1035 1910 ille

180 1932 529 2002 occasionem
546 1929 711 1983 daret.
734 1932 873 1994 Quia
892 1925 1033 1983 enim

181 2005 317 2059 filios
343 2004 681 2058 attendentes
702 2002 948 2065 videbat,
978 2003 1035 2057 id

180 2094 361 2131 unum
386 2077 479 2130 ille
502 2078 558 2129 in
584 2091 747 2147 scopo
768 2075 1002 2129 habebat
1017 2116 1029 2136 ‚

178 2169 251 2205 ne
264 2151 517 2221 princeps
530 2148 956 2219 persuaderetur.
972 2151 1037 2201 Et

182 2242 281 2277 cur
314 2239 429 2275 non
458 2222 606 2275 eliud
630 2221 845 2291 signum
872 2222 1034 2275 fecit?

184 2296 329 2361 Quia
372 2295 591 2348 nullum
620 2295 753 2347 huic
785 2309 885 2364 par
924 2301 1038 2347 erat

182 2371 337 2439 quod
372 2367 659 2425 inimicum
694 2370 923 2438 caperet.
972 2370 1038 2419 Et

180 2443 365 2495 statim
384 2442 556 2496 credit
571 2441 869 2507 Proctmsul
888 2460 901 2502 3
924 2455 1035 2492 non

180 2514 519 2587 simpliciter,
532 2513 626 2567 sed
637 2512 1030 2582 obstupescens·

180 2588 328 2642 Vidit
342 2587 487 2639 enim
500 2602 613 2639 non
626 2584 718 2640 hic
727 2585 887 2639 verba
897 2584 1031 2645 dari,

180 2675 365 2729 neque
388 2658 612 2711 fallaciis
635 2674 751 2711 rem
772 2659 874 2727 agi.
908 2656 1037 2710 Vide

181 2740 451 2803 quantum
495 2729 755 2785 doctrinae
796 2731 1035 2785 amorem

180 2803 395 2859 habuit.

254 2890 323 2947 ιγ.
347 2875 645 2929 Proconsul
669 2875 883 2943 Sergius
899 2876 1036 2928 Pau-

182 2952 269 3002 lus
281 2991 295 3011 ‚
316 2948 583 3003 accersitis
592 2948 839 3002 Bernaba
852 2956 903 3002 et
914 2950 1038 3001 Sau-

181 3023 259 3086 lo,
273 3020 612 3076 desiderabat
622 3021 804 3075 audire
814 3020 1035 3075 verbum

182 3094 288 3149 Dei
303 3114 318 3157 ς
339 3094 433 3149 sed
448 3096 470 3121 ¹*
493 3092 783 3147 Resistebat
794 3094 899 3147 illis
914 3094 1037 3164 Ely-

182 3162 303 3222 mffis
324 3184 537 3238 magus,
564 3174 619 3220 et
637 3167 830 3221 cecidit
842 3168 899 3221 in
910 3182 1037 3221 eum

184 3240 379 3310 caligo.
453 3241 753 3293 Proconsul
824 3246 998 3293 autem
1017 3278 1031 3301 ‚

182 3314 311 3366 cum
348 3312 567 3366 vidisset
592 3312 794 3365 factum
813 3353 825 3373 ‚
863 3311 1037 3365 credi-

184 3386 293 3448 dit,
317 3385 592 3441 admirans
608 3400 769 3455 super
789 3383 1040 3439 doctrina

183 3458 441 3520 Domini,
501 3458 748 3521 alleluia,
802 3456 1031 3511 alleluia.

1105 405 1477 476 prodigiorum
1515 405 1574 457 in
1610 411 1767 458 terra.
1799 407 1823 432 ⁵
1855 407 1955 458 Be-

1106 478 1320 532 sistebat
1331 478 1450 532 illis.
1473 478 1586 531 Act.
1614 479 1695 532 15.
1715 480 1805 531 Ps.
1833 480 1952 542 104.

1385 554 1574 604 chno
1598 568 1678 602 111.

1106 583 1376 676 Runsus
1425 625 1631 691 Pergen
1681 623 1958 676 venientes

1103 701 1524 764 praetercurrunt
1543 695 1672 748 elias
1685 695 1920 749 civitates
1938 716 1951 747 =

1104 783 1232 821 uam
1271 767 1338 820 ad
1369 767 1576 821 Pisidiae
1611 767 1952 838 metr6polim

1105 839 1448 894 Antiochiam
1487 838 1827 892 festinabant.
1861 841 1954 891 Se·

1104 913 1218 965 cuti
1267 919 1392 965 sunt
1435 919 1613 965 autem
1665 927 1759 965 eos
1796 912 1954 964 multi

1100 985 1305 1047 sudaei,
1343 993 1397 1039 et
1428 986 1503 1056 pii
1539 984 1784 1046 advenit,
1820 999 1958 1053 quos

1105 1057 1343 1120 allocuti,
1371 1056 1767 1128 persuadebant
1795 1057 1871 1110 eis
1895 1064 1957 1110 ut

1102 1133 1382 1184 manerent
1415 1131 1472 1183 in
1512 1131 1680 1199 gratia
1713 1129 1832 1183 Dei.
1867 1131 1954 1184 Vi-

1102 1203 1290 1256 dentes
1320 1210 1498 1256 autem
1529 1203 1732 1265 sudaei,
1766 1203 1954 1272 repleti

1102 1282 1232 1329 sunt
1262 1277 1402 1337 ze10,
1439 1275 1864 1328 contradicentes
1895 1293 1955 1329 ac

1100 1347 1553 1419 blasphemantes.
1573 1351 1688 1400 Hoc
1702 1348 1844 1417 ipsos
1856 1349 1956 1402 cla-

1102 1422 1272 1474 riores
1289 1419 1568 1481 reddebat,
1581 1420 1730 1488 quod
1742 1419 1820 1473 ini
1835 1435 1957 1474 con·

1103 1493 1440 1548 tradicerent.
1464 1496 1600 1545 Cum
1616 1492 1813 1546 fiducia
1831 1494 1955 1545 verb

1102 1569 1382 1636 loquentes
1415 1565 1684 1621 Barnabas
1721 1580 1782 1618 ac
1816 1565 1954 1617 Pau·
2051 1587 2054 1595 ·

1104 1642 1212 1702 tus,
1252 1641 1502 1694 dixerunt
1544 1659 1558 1689 ε
1599 1636 1760 1692 Vobis
1794 1653 1953 1708 opor-

1104 1712 1250 1765 tebat
1282 1713 1518 1783 primum
1553 1711 1704 1780 loqui
1729 1709 1952 1764 verbum

1104 1785 1235 1847 Dei;
1275 1784 1368 1837 sed
1406 1784 1665 1852 quoniam
1701 1783 1956 1852 repellitis

1102 1856 1241 1910 illud
1255 1895 1270 1918 ,
1294 1864 1348 1910 et
1366 1856 1618 1924 indignos
1633 1871 1727 1908 vos
1739 1853 1950 1923 judicii-

1104 1931 1168 1982 tis
1196 1933 1393 1983 aeterna
1415 1929 1550 1989 vita,
1579 1943 1703 1982 ecce
1733 1928 1952 1980 conver·

1103 2004 1272 2057 timur
1307 2002 1372 2059 ad
1413 2010 1610 2072 gentes,
1653 2003 1760 2055 Nec
1789 1999 1947 2062 dixit,

1105 2076 1322 2145 Indigni
1348 2076 1496 2139 estis;
1530 2076 1659 2136 sed,
1691 2075 1953 2145 Indignos

1104 2164 1197 2203 vos
1207 2149 1484 2217 judicatis3
1500 2156 1560 2200 ut
1573 2164 1682 2201 non
1692 2149 1954 2201 onerosus

1104 2237 1280 2275 sermo
1301 2228 1448 2275 esset.
1477 2221 1617 2285 Quia
1642 2222 1768 2273 verb
1792 2236 1952 2291 repu-

1105 2294 1236 2347 listis
1258 2293 1424 2354 illud,
1448 2293 1650 2361 inquit,
1679 2308 1792 2345 non
1815 2306 1918 2344 nos
1934 2333 1947 2353 ‚

1109 2369 1243 2432 (non
1260 2365 1407 2417 enim
1429 2365 1489 2416 in
1509 2380 1608 2418 nos
1626 2365 1954 2417 contumelia

1104 2446 1272 2491 vestra
1301 2435 1546 2504 vertitur)
1588 2436 1956 2489 convertimur

1106 2511 1174 2564 ad
1233 2517 1434 2580 gentes.
1500 2509 1667 2561 Multa
1729 2508 1951 2579 plenum

1104 2582 1516 2637 mansuetudine
1559 2582 1667 2635 hoc
1702 2578 1946 2634 verbum.

1104 2658 1223 2709 Non
1260 2656 1477 2718 dicunt,
1516 2650 1956 2723 Derellnquimus

1104 2744 1197 2781 vos
1214 2769 1228 2791 ‚
1256 2730 1543 2782 innuentes
1566 2727 1688 2782 fieri
1709 2741 1863 2797 posse
1894 2734 1953 2780 ut

1102 2808 1508 2856 reverterentur.
1563 2804 1630 2855 Et
1681 2800 1787 2855 hoc
1840 2816 1952 2853 non

1104 2884 1325 2947 propter
1382 2881 1608 2928 vestram
1670 2874 1954 2927 contume-

1106 2947 1234 3000 liam
1281 2947 1481 3000 factum
1527 2955 1632 3008 est,
1679 2946 1755 2998 sic
1806 2944 1949 2999 enim
2035 2989 2044 2999 .

1106 3028 1432 3091 praeceptum
1469 3026 1546 3072 est
1573 3016 1748 3070 nobis.
1783 3012 1952 3140 ozor—

1108 3100 1184 3147 tet
1209 3091 1354 3146 adire
1376 3096 1558 3161 gentes
1585 3111 1598 3141 =
1627 3088 1809 3141 verum
1881 3103 1951 3141 oc

1105 3181 1220 3218 non
1247 3166 1276 3217 ὲ
1307 3162 1492 3225 nobis,
1523 3161 1615 3216 sed
1641 3162 1670 3213 ὲ
1693 3160 1846 3215 vobis
1873 3160 1950 3214 fa-

1105 3246 1256 3291 ctum
1279 3243 1386 3299 est,
1423 3234 1569 3304 quod
1593 3236 1622 3287 ὲ
1652 3233 1812 3289 nobis
1835 3232 1954 3287 fleri

1106 3306 1409 3382 oportebat.
1433 3306 1522 3361 Sic
1545 3306 1688 3361 enim
1703 3348 1718 3371 ,
1744 3307 1950 3376 inquit,

1104 3382 1362 3452 praecepit
1406 3378 1566 3440 nobis
1613 3379 1884 3435 Dominus
1935 3402 1949 3430 ι

1106 3455 1266 3512 Posui
1291 3460 1344 3510 te
1369 3454 1426 3507 in
1462 3452 1637 3509 lucem
1674 3452 1915 3523 gentium
1933 3490 1947 3512 ,
