2392 4050
240 170 833 282 ‚COMMUN
842 171 921 273 E
998 169 1866 285 SANCTORUM.

677 426 958 504 PARS
1007 427 1400 505 VERNA.

227 772 289 823 ln
304 769 477 826 Festis
500 771 822 834 Sanctoruon,
843 771 1013 826 omnia

154 861 256 914 quae
278 863 376 898 non
405 843 656 905 habentur
684 843 735 896 in
757 844 1011 914 Propria,

156 926 414 968 sumuntur
449 914 507 968 de
540 935 596 968 eo
627 918 919 974 Communi
948 916 1014 970 ad

157 988 285 1061 quod
308 989 536 1058 refertur
557 989 770 1042 Sanctus
801 991 924 1052 iste,
954 989 1011 1042 de

154 1079 247 1134 quo
264 1062 325 1133 sit
347 1061 597 1132 Officium.
624 1064 655 1114 I
656 1082 688 1114 n
711 1062 1012 1136 Quadrage-

155 1135 311 1196 sima,
326 1134 487 1187 sicubi
489 1135 627 1203 forte'
637 1136 761 1187 celeb
769 1145 911 1187 retur
921 1135 1011 1186 ali-

154 1210 281 1281 quod
292 1210 499 1262 Festum
516 1207 903 1280 Duplex-majus
924 1219 1011 1260 aut

155 1285 340 1356 supra,
368 1279 494 1352 quod
517 1299 613 1332 non
638 1291 777 1332 extet
811 1283 861 1333 in
886 1283 1009 1333 Pro-

156 1358 271 1428 prio
310 1353 621 1427 :Sanctorum
642 1375 658 1412 ,·
688 1373 783 1423 pro
832 1353 1011 1426 Officio

154 1431 413 1484 Nocturno
437 1426 784 1478 recurrendum
822 1427 925 1480 erit
947 1426 1013 1480 ad

156 1504 423 1556 Commune
487 1498 785 1552 Sanctorum
838 1500 1009 1571 partis

153 1571 409 1630 Hiemalis
436 1593 451 1622 .-
480 1571 533 1624 in
570 1572 662 1624 hac
698 1573 827 1624 enim
862 1583 1012 1643 parte

156 1650 209 1702 V
208 1666 333 1704 erna
336 1687 353 1710 ,
367 1643 599 1718 Officium
619 1643 849 1718 cujusque
871 1647 1013 1700 Com·

150 1719 316 1776 munis
366 1716 573 1789 ponitur
618 1716 872 1770 duntaxat
920 1738 1013 1788 pro

154 1797 405 1864 Tempore
430 1790 687 1844 Paschali.
724 1789 1013 1846 Notandum

152 1869 385 1937 insuper,
393 1862 519 1935 quod
540 1863 591 1914 in
602 1863 1013 1936 Quadragesima

156 1959 255 1992 non
283 1939 343 2010 fit
369 1935 426 1990 de
449 1937 554 1990 ulla
582 1935 793 1990 Octava.
819 1939 883 1989 In
906 1937 1012 1990 An-

153 2009 383 2084 tiphonis
408 2019 602 2072 autem,
628 2029 734 2083 quae
756 2028 852 2080 pro
875 2009 1014 2063 Com·

150 2084 596 2139 memo'rationibus
678 2092 1011 2154 usurpantur,

150 2157 484 2213 omittendum
509 2156 753 2209 Alleh'lia.

225 2230 319 2285 Ad
342 2234 365 2283 1
390 2233 663 2291 vesanas,
693 2238 742 2280 et
774 2227 844 2281 ad
874 2232 1014 2283 Cou-

150 2319 445 2357 Ριετοῃιωι
481 2302 609 2373 quod
648 2320 732 2353 eas
770 2302 1012 2373 sequitur,

149 2375 361 2431 Psalmi
397 2373 625 2427 dicuntur
659 2373 717 2427 de
764 2374 920 2431 Feria
966 2376 1016 2427 in

150 2449 296 2503 omni
342 2450 520 2511 Festo,
565 2446 899 2519 cujuscumque
945 2447 1018 2499 sit

151 2524 310 2575 ritas.
342 2520 651 2593 Antiphonae
687 2520 1020 2590 Completorii

148 2594 407 2669 propriae,
434 2602 486 2649 et
502 2592 821 2667 Doxologia,
849 2592 1015 2647 dicun-

154 2680 242 2720 tur
252 2668 451 2720 tantum
462 2667 512 2718 in
526 2666 691 2719 Festis
703 2666 1017 2718 Solemn'ibus

150 2752 203 2795 et
240 2742 416 2811 snpra.
440 2739 543 2793 Sed
565 2738 865 2812 Doxologiae
895 2758 1018 2809 prcc-

141 2814 387 2866 ‘mittitur
408 2812 629 2882 Strophe
652 2814 755 2873 Da,
788 2811 1016 2874 Christe,

150 2903 261 2941 nos
290 2894 472 2939 tecum
500 2884 667 2947 mori,
696 2886 718 2952 (
730 2895 783 2937 ut
820 2884 871 2937 in
894 2887 1019 2937 Pro-

148 2959 275 3030 prio
304 2957 568 3028 Temporis
598 2956 892 3027 Paschalis)
916 2976 1020 3039 quoe

148 3032 346 3087 dicitur
378 3033 529 3087 etiam
564 3028 633 3081 ad
664 3032 837 3085 Horas
868 3048 1021 3084 mino-

149 3124 265 3167 res,
281 3124 530 3175 nunquam
550 3104 666 3154 vero
688 3101 737 3153 in
757 3104 805 3156 V
807 3102 1018 3173 esperis,

146 3182 450 3239 Nocturna,
478 3186 531 3228 et
551 3174 843 3229 Laudibus.’

232 3253 493 3305 onmxun
520 3251 838 3301 Noc-numum
863 3245 1020 3319 majus-

150 3321 286 3377 libet
306 3322 455 3377 Fati
478 3321 793 3394 (quicumque
818 3320 889 3372 sit
912 3320 1019 3393 ejus

145 3394 391 3471 gradus)
418 3395 610 3447 unicum
645 3393 901 3447 duntaxat
930 3392 1021 3447 lta·

148 3472 241 3523 bet
260 3471 598 3531 Nocturnum,
614 3467 782 3521 tribus
790 3474 1025 3520 constans

314 3542 367 3597 V
367 3560 510 3596 erna-

1086 770 1333 834 Psalmis,
1347 770 1551 824 totidem
1566 772 1884 826 Lectionibus
1897 783 1947 826 et

1085 844 1459 913 Responsoriis.
1519 846 1584 897 In
1631 846 1947 898 Solemnilms

1083 927 1133 969 et
1160 918 1346 986 supra,
1377 927 1478 970 tres
1518 918 1720 970 Psalmi
1754 917 1813 970 de
1849 921 1946 972 Do-

1084 988 1295 1051 minica,
1334 991 1410 1042 vel
1443 989 1672 1061 proprii,
1717 989 1948 1043 dicuntur

1082 1062 1172 1114 sub
1188 1062 1352 1114 tribus
1367 1060 1699 1133 Antiphontis,
1715 1074 1766 1115 et
1778 1065 1948 1117 Lectio

1081 1134 1141 1187 de
1164 1134 1436 1205 Scriptura
1475 1146 1551 1187 est
1582 1137 1812 1206 propria.
1845 1139 1946 1189 Du·

1080 1208 1236 1278 plicia
1260 1209 1376 1260 vero
1401 1218 1452 1260 et
1480 1207 1624 1276 infra'
1655 1227 1803 1261 unam
1835 1220 1942 1262 tan-

1084 1283 1186 1332 tum
1214 1279 1398 1332 habent
1417 1281 1766 1352 Antiphonam
1797 1302 1947 1354 super

1080 1353 1317 1406 Psalmos
1327 1354 1560 1422 feriales,
1574 1363 1724 1426 prout
1739 1365 1946 1407 notatur

1084 1425 1134 1477 in
1156 1445 1439 1499 unoquoque
1455 1426 1731 1479 Communi.
1755 1427 1944 1480 Lectio-

1083 1518 1167 1551 nes
1195 1499 1254 1552 de
1272 1499 1540 1570 Scriptura
1560 1511 1870 1561 occurrente,
1895 1502 1946 1552 in

1081 1571 1377 1642 Duplicibus
1409 1583 1460 1626 et
1497 1572 1910 1643 Semiduplicibus
1925 1615 1943 1640 ,

1083 1645 1448 1698 contrahuntur
1474 1647 1523 1697 in
1551 1665 1724 1705 urianu
1747 1644 1796 1698 in
1817 1647 1946 1699 Sim-

1081 1716 1292 1790 plicibus
1314 1729 1478 1772 autem
1506 1718 1557 1770 in
1577 1717 1718 1771 duas.
1757 1720 1946 1774 Lectio·

1084 1809 1169 1843 nes
1197 1790 1241 1861 ij
1271 1800 1322 1842 et
1356 1791 1420 1866 iij
1454 1791 1504 1844 ἱη
1529 1790 1944 1861 Semiduplicibus

1084 1874 1131 1915 et
1156 1865 1341 1934 supra',
1365 1875 1412 1915 et
1441 1863 1478 1916 ii
1492 1863 1504 1875 ⁴
1527 1863 1576 1914 in
1602 1863 1944 1939 Simplicibus‚

1086 1935 1336 1988 habentur
1360 1935 1412 1990 in
1437 1885 1672 2008 tsroprio.

1160 2009 1421 2065 Canticum
1465 2011 1542 2063 Te
1585 2013 1763 2064 Deum
1783 2054 1796 2075 ‚
1839 2032 1943 2065 cum

1086 2087 1131 2155 ff
1158 2083 1506 2151 sacerdotali,
1539 2082 1721 2139 dicitur
1756 2084 1807 2136 in
1841 2104 1944 2141 om-

1086 2154 1228 2208 nibus
1279 2156 1486 2220 Festis,
1524 2158 1676 2210 etiam
1742 2158 1946 2229 Simpli-

1085 2228 1237 2281 cibus.
1769 2226 1776 2233 ’
1850 2230 1852 2232 ’

1160 2300 1250 2353 Ad
1277 2302 1496 2367 Latmus,
1544 2301 1595 2352 in
1627 2302 1940 2357 Solemm'bus

1086 2381 1138 2424 et
1166 2374 1346 2447 supra,
1380 2374 1582 2425 Psalmi
1615 2384 1732 2426 sunt
1754 2374 1813 2426 de
1837 2376 1940 2427 Do·

1086 2443 1298 2505 minica‚·
1324 2444 1372 2497 in
1397 2444 1687 2515 Duplicibus
1705 2454 1868 2499 autem
1888 2458 1939 2505 et

1090 2518 1262 2590 infra,
1288 2518 1520 2570 dicuntur
1548 2517 1608 2569 de
1637 2520 1683 2571 F
1684 2519 1820 2579 eria;
1857 2522 1944 2573 scd

1086 2601 1202 2661 post
1223 2590 1424 2643 tertium
1442 2592 1730 2655 Psalmum,
1757 2590 1943 2645 dicitur

1088 2683 1284 2734 semper
1305 2664 1567 2718 Canticum
1591 2664 1871 2736 appositum
1893 2666 1942 2717 in

1090 2756 1370 2810 unoquoque
1386 2738 1660 2791 Communi.
1683 2740 1943 2791 Proeterea
2001 2806 2009 2811 -

1090 2811 1378 2873 mtandm,
1433 2811 1528 2864 uod
1543 2810 1680 2863 intra
1699 2810 1940 2875 Octavas,

1089 2882 1256 2937 etinF
1257 2884 1381 2936 estis
1435 2883 1944 2952 implicibus,Psalmi

1090 2974 1194 3007 cum
1215 2955 1426 3009 Cantico
1441 2955 1672 3008 dicuntur
1692 2954 1779 3009 sub
1802 2957 1944 3009 unica

1086 3028 1141 3085 A
1148 3028 1422 3098 ntiphona,
1449 3047 1556 3100 quae
1579 3037 1654 3081 est
1677 3040 1862 3103 quarta
1886 3029 1942 3081 de

1089 3101 1364 3153 Laudibus.

1163 3173 1254 3226 Ad
1285 3177 1488 3235 HonAS,
1529 3183 1646 3243 post
1679 3174 1940 3236 Psalmos,

1090 3246 1177 3319 qui
1218 3257 1335 3299 sunt
1369 3244 1430 3301 de
1475 3246 1739 3301 Dominica
1779 3248 1857 3301 vel
1887 3247 1944 3299 de

1090 3319 1250 3375 Pania
1260 3360 1278 3382 ,
1307 3328 1456 3391 prout
1472 3319 1596 3373 dicti
1617 3319 1798 3375 suntin
1813 3321 1946 3379 Lau-

1092 3391 1566 3463 dibau,Antiphonae
1573 3392 1796 3447 Laudum
1809 3411 1947 3448 usur·

1091 3474 1282 3535 pantur
1309 3464 1398 3518 hoc
1431 3464 1605 3521 ordine
1625 3482 1648 3519 .¹
1667 3465 1834 3537 prima
1859 3465 1948 3517 sci·

1656 3555 1688 3592 Δ
