2392 4050
832 163 1067 204 omem!
1091 163 1464 204 DEFURCTORUH·

314 243 737 312 P2.Usquequo,
751 245 1008 307 Domine,
1018 247 1047 298 5
1060 265 1079 298 1
1090 284 1107 298 .

314 317 453 374 Ant.
486 317 541 370 5.
568 333 614 370 c.
644 316 900 370 Illumina
924 319 1112 375 oculos

241 404 403 444 meos
422 429 441 451 ‚
498 405 571 442 ne
618 405 859 458 unquam
906 390 1109 445 obdor-

240 463 416 516 miam
443 462 507 514 in
528 469 721 518 morte.

323 539 391 603 71.
420 535 504 587 Ne
520 533 696 587 tradas
710 533 893 588 bestiis
906 535 1049 588 auim
1058 550 1112 588 as

240 606 571 662 confitentes
610 605 741 668 tibi;
785 620 848 675 Rs.
897 609 963 660 Et
1003 607 1111 660 ani-

240 673 363 731 m'as
410 680 721 748 pauperum
772 679 993 732 tuorum
1042 696 1109 732 ne

240 750 591 806 obliviscaris
613 752 669 805 in
684 750 867 804 finem.
897 754 987 805 Ps.
1018 753 1102 820 75.

309 823 555 886 Secreto,
583 826 742 878 Pater
770 846 783 874 ε
824 825 933 876 alui
970 843 1109 884 voce,-

243 902 309 966 γ.
335 899 407 952 Et
434 912 513 950 ne
534 911 639 950 nos
660 896 883 950 inducas
906 897 965 948 in
990 903 1107 950 ten-

242 969 541 1031 tationem
576 983 639 1038 ιγ.
676 969 783 1024 Sed
818 967 987 1022 libera
1010 984 1111 1022 nos

239 1044 269 1094 a
294 1041 468 1096 malo.

313 1114 587 1167 Lectiones
610 1113 848 1186 leguntur
872 1112 979 1166 sine
1004 1112 1054 1166 A
1061 1113 1108 1166 b-

239 1185 515 1248 subatione,
543 1184 650 1238 eine
674 1182 1038 1249 Benedictione,
1060 1195 1110 1238 et

240 1257 350 1312 sine
374 1259 548 1311 tituto.

391 1333 588 1384 an'no
614 1345 651 1383 1.
750 1329 869 1382 Job.
905 1350 955 1398 7.

238 1363 443 1458 Pence
471 1401 626 1463 mihi,
648 1401 793 1456 nihil
818 1402 965 1455 enim
987 1409 1110 1454 sunt

241 1474 359 1530 dies
376 1476 509 1530 mei.
527 1474 674 1539 Quid
686 1482 766 1528 est
778 1475 967 1536 homo,
984 1475 1109 1543 quia

240 1547 565 1617 magnificas
583 1548 741 1600 eum?
762 1553 853 1600 aut
879 1547 1009 1616 quid
1022 1563 1107 1618 ap-

239 1621 409 1690 ponis
436 1635 563 1688 erga
576 1633 701 1672 eum
716 1635 811 1672 cor
821 1620 1007 1672 tuum?
1030 1619 1107 1672 Vi-

240 1692 369 1746 sitas
394 1707 529 1746 eum
556 1692 795 1746 diluculo
809 1732 824 1755 ,
855 1699 908 1746 et
930 1691 1107 1746 subito

239 1764 453 1836 probas
477 1764 651 1818 illum.
684 1766 973 1833 Usquequo
990 1780 1106 1817 non

238 1838 435 1908 parcis
456 1836 621 1898 mihi,
651 1852 753 1888 nec
779 1835 1003 1890 dimittis
1017 1853 1107 1889 me

240 1916 303 1962 ut
350 1909 588 1980 glutiam
632 1907 849 1963 salivam
893 1909 1107 1964 meam?

242 1980 479 2037 Peccavi
504 2003 519 2033 ι
548 1981 681 2051 quid
706 1982 899 2043 faciam
924 1979 1042 2044 tibi,
1070 1983 1105 2037 ὁ

246 2063 435 2111 custos
460 2054 749 2111 hominum
764 2056 789 2107 ἶ)
817 2058 996 2120 Quare
1008 2072 1105 2127 po-

242 2129 399 2183 suisti
425 2144 517 2182 me
540 2128 871 2183 contrarium
895 2126 1023 2190 tihi,
1054 2134 1108 2182 et

246 2200 425 2257 factus
456 2216 577 2255 sum
603 2200 953 2271 mihimetipsi
986 2216 1105 2268 gra-

246 2275 325 2327 vis
338 2275 363 2327 i'
392 2276 506 2327 Cur
528 2289 643 2326 non
664 2273 807 2325 tollis
825 2272 1105 2341 peccatum

246 2346 476 2401 meum?
500 2353 555 2400 et
586 2360 751 2415 quare
784 2360 899 2397 non
934 2342 1107 2395 aufers

246 2418 594 2487 iniquitfitem
664 2432 843 2469 meam
869 2417 893 2467 ἱ)
965 2418 1106 2469 Ecce

250 2506 405 2547 nunc
425 2491 483 2545 in
508 2490 727 2562 pulvere
744 2487 1033 2548 dormiam3
1054 2494 1109 2543 et

250 2564 295 2617 si
328 2579 496 2618 mane
535 2578 624 2615 me
658 2560 930 2632 quaesieris
946 2600 961 2622 ‚
990 2575 1103 2615 non

252 2635 561 2691 subsistam.
588 2634 655 2687 In
690 2636 787 2705 fine
822 2633 1107 2687 Lectionum

252 2708 383 2761 nihil
406 2706 631 2761 additur.

324 2795 388 2851 ιγ.
415 2779 747 2834 Defecerant
767 2778 901 2832 sicut
926 2777 1107 2832 fumus

254 2852 368 2909 dies
401 2852 545 2915 mei,
584 2858 639 2905 et
670 2866 786 2905 ossa
815 2866 936 2904 mea
969 2850 1110 2905 sicut

255 2925 522 2979 cremium
536 2927 791 2979 aruerunt
806 2924 853 2975 2*
859 2923 987 2976 Dies
1001 2924 1107 2977 mei

256 2996 396 3051 sicut
446 2996 640 3051 umbra
678 2996 1105 3059 declinaverunt,

256 3072 321 3135 y.
364 3072 504 3135 Quae
530 3076 609 3123 est
636 3067 745 3122 vita
774 3070 986 3122 nostra?
1010 3071 1106 3123 Va-

256 3155 359 3213 por
386 3149 465 3196 est
492 3143 562 3197 ad
589 3140 867 3195 modicum
892 3157 1104 3212 parens⁴

259 3216 283 3241 *
308 3216 455 3269 Dies.
485 3215 578 3269 Pe.
617 3230 735 3269 101.
757 3215 873 3267 Jac.
906 3215 957 3277 4.

405 3290 596 3341 Lim-rio
624 3303 681 3339 11.
763 3287 863 3339 Job
898 3304 977 3340 10.

262 3319 471 3413 Tam-r
505 3360 743 3413 animam
774 3372 949 3411 meam
992 3357 1111 3411 vitae

1836 152 2023 225 lxxxvii

1181 246 1458 314 eloquium
1491 261 1677 300 meum
1694 285 1709 308 ,
1746 247 1936 318 loquar
1971 249 2028 302 in

1182 319 1538 372 amaritudine
1610 319 1806 372 animae
1869 337 2022 375 meae.

1180 391 1371 444 Dicam
1410 394 1528 445 Deo
1571 413 1584 443 ε
1625 392 1744 445 Noli
1774 407 1862 445 me
1897 408 2026 446 con-

1180 462 1467 524 demnare3
1518 462 1699 518 indica
1747 464 1884 518 mihi
1931 481 2030 520 cur

1179 551 1267 588 me
1293 537 1366 590 ita
1385 536 1613 602 judices.
1644 536 1918 606 Numquid
1934 537 2027 592 bo-

1178 623 1313 661 num
1352 607 1451 660 tibi
1489 609 1724 672 videtur,
1751 610 1796 662 si
1830 611 2024 666 calum-

1180 679 1346 732 nieris
1385 695 1501 742 me,
1541 686 1596 734 et
1629 682 1901 752 opprimas
1937 699 2026 736 me

1178 766 1316 821 opus
1363 754 1626 805 manuum
1673 755 1888 806 tuarum
1907 795 1922 818 ‚
1975 762 2028 808 et

1180 823 1468 878 consilium
1521 824 1816 894 impidrum
1866 826 2022 894 adju-

1180 898 1302 950 ves?
1340 897 1616 965 Numquid
1649 897 1794 950 oculi
1840 899 2020 953 carnei

1181 967 1281 1022 tibi
1305 971 1465 1023 sunt?
1494 976 1587 1021 aut
1609 969 1748 1022 sicut
1770 969 1913 1023 videt
1935 969 2026 1024 ho·

1179 1057 1274 1094 mo
1292 1081 1306 1102 ‚
1335 1049 1390 1094 et
1407 1049 1464 1095 tu
1489 1041 1727 1095 videbis?
1751 1043 2027 1111 Numquid

1180 1115 1317 1168 sicut
1356 1113 1468 1167 dies
1498 1113 1738 1168 hominis
1771 1114 1884 1169 dies
1912 1114 1990 1168 tui
2007 1155 2022 1178 ,

1180 1193 1236 1239 et
1258 1187 1388 1239 anni
1407 1186 1485 1238 tui
1498 1186 1636 1239 sicut
1653 1187 1890 1250 humima
1903 1195 2027 1241 sunt

1178 1261 1452 1330 tempora3
1491 1265 1552 1310 ut
1588 1273 1793 1327 quaeras
1824 1258 2024 1328 iniqui-

1179 1333 1344 1384 tatem
1385 1346 1596 1393 meam,
1645 1337 1700 1384 et
1743 1333 2024 1401 peccatum

1178 1419 1364 1457 meum
1427 1403 1714 1475 scruteris]³
1771 1406 1838 1458 Et
1895 1403 2027 1458 scias

1180 1477 1309 1546 quia
1339 1476 1479 1530 nihil
1502 1476 1736 1548 impium
1771 1474 1990 1530 fecerim
2007 1515 2024 1540 ,

1178 1565 1306 1603 cum
1341 1551 1410 1602 sit
1427 1565 1591 1602 nemo
1626 1549 1720 1618 qui
1751 1547 1818 1600 de
1857 1563 2024 1602 manu

1181 1630 1270 1690 tua
1293 1622 1461 1692 possit
1473 1622 1676 1676 eruere.
1707 1623 1900 1674 Manus
1919 1628 2026 1675 tuae

1178 1695 1424 1748 fecerunt
1461 1709 1552 1747 me
1569 1733 1586 1754 ,
1635 1701 1690 1747 et
1741 1695 2026 1764 plasmave-

1176 1775 1306 1820 runt
1332 1782 1422 1820 me
1458 1772 1635 1820 totum
1669 1767 1726 1818 in
1761 1765 2023 1827 circuitu;

1175 1847 1228 1894 et
1251 1839 1326 1893 sic
1343 1845 1562 1910 repente
1583 1835 1884 1908 praecipitas
1901 1855 1989 1892 me
2003 1840 2026 1890 ,0

1175 1915 1470 1974 Mement0‚
1494 1926 1694 1979 quaes0,
1724 1910 1874 1978 quod
1891 1910 2028 1964 sicut

1176 1986 1352 2040 lutum
1367 1984 1555 2039 feceris
1573 2000 1681 2047 me,
1699 1983 1823 2037 etin
1839 1985 2024 2056 pulve-

1175 2074 1292 2113 rem
1311 2058 1534 2121 reduces
1552 2073 1656 2110 me.
1682 2058 1874 2110 Nonne
1891 2057 2028 2111 sicut

1176 2131 1258 2185 lac
1279 2131 1508 2186 mulsisti
1534 2144 1622 2182 me
1638 2169 1654 2191 ‚
1695 2136 1750 2183 et
1779 2130 1920 2183 sicut
1938 2131 2026 2181 ca·

1175 2218 1326 2256 seum
1350 2219 1436 2255 me
1461 2202 1786 2269 coagulasti?
1803 2202 1950 2255 Pelle
1975 2209 2028 2255 et

1176 2274 1428 2327 carnibus
1452 2272 1647 2326 vestisti
1671 2288 1760 2325 me
1775 2312 1788 2333 ‚
1819 2272 2028 2327 6ssibus

1175 2352 1231 2399 et
1255 2346 1431 2398 nervis
1467 2343 1782 2413 compegisti
1807 2360 1911 2397 me.
1941 2345 2027 2396 vi-

1176 2424 1286 2471 tam
1297 2424 1350 2469 et
1359 2414 1782 2470 misericordiam
1795 2414 2028 2469 tribuisti

1177 2488 1343 2552 mihi,
1367 2495 1418 2541 et
1435 2488 1663 2541 visitatio
1683 2494 1775 2540 tua
1793 2487 2027 2541 custodi-

1178 2562 1255 2614 vit
1277 2560 1530 2631 spiritum
1547 2575 1753 2613 meum.

1246 2648 1309 2703 nc.
1330 2632 1550 2687 Peccavi
1567 2631 1742 2695 valde;
1763 2629 1854 2683 sed
1872 2631 1899 2658 *
1912 2633 2029 2685 Pre-

1178 2721 1272 2759 cor
1301 2748 1314 2769 ,
1344 2706 1605 2767 Domine,
1649 2712 1710 2758 ut
1745 2703 2031 2757 trausferas

1177 2779 1516 2848 iniquitatem
1555 2778 1693 2832 servi
1741 2777 1850 2838 tui,
1905 2777 2032 2846 quia

1177 2853 1339 2907 stulte
1375 2852 1460 2921 egi
1496 2850 1674 2903 nimis,
1731 2854 1794 2919 71.
1847 2851 1994 2901 Deus
2013 2888 2026 2910 ‚

1175 2925 1448 2996 propitius
1459 2930 1570 2975 esto
1587 2922 1724 2975 mihi
1735 2922 2025 2992 peccatori.

1176 2998 1204 3025 ⁴*
1225 3000 1438 3050 Precor.
1467 3012 1495 3047 2
1521 2997 1653 3066 Reg.
1685 2994 1770 3056 24.
1795 2994 1915 3046 Lac.
1945 2994 2024 3046 18.

1334 3071 1522 3122 Laeuo
1543 3082 1622 3118 111.
1727 3065 1768 3116 J
1771 3064 1832 3117 ob
1859 3082 1940 3117 10.
2033 3081 2082 3095 “

1182 3099 1391 3216 Quium
1411 3137 1477 3192 de
1490 3139 1646 3191 vulva
1664 3136 1891 3192 eduxisti
1909 3150 1995 3191 me
2008 3138 2032 3187 Ρ

1180 3213 1276 3282 qui
1314 3213 1522 3269 utinam
1559 3216 1910 3279 consumptus
1953 3224 2030 3261 es-

1180 3301 1322 3349 sem,
1353 3300 1426 3337 ne
1457 3284 1646 3337 oculus
1681 3298 1770 3335 me
1810 3281 2026 3336 videret.

1182 3359 1422 3412 Fuissem
1443 3357 1593 3425 quasi
1613 3370 1728 3407 non
1747 3370 1912 3409 essem
1926 3392 1942 3414 ‚
1965 3352 2034 3405 de

260 3444 393 3487 meae
416 3452 431 3483 e
444 3430 717 3489 dimittam
728 3432 1008 3489 adversam
1024 3445 1113 3485 me
1136 3432 1147 3497 ἰ
1183 3431 1340 3487 t'ttero
1350 3430 1632 3487 translatus
1652 3427 1722 3485 ad
1739 3418 2025 3483 tumulum.
