2392 4050
1206 24 1250 35 ‚a—

372 212 439 258 w

931 212 1250 257 nummum}
1273 213 1586 255 cannanei!

367 297 503 348 cidat
535 297 591 346 in
634 292 953 347 Dominieam
999 315 1221 349 commu·
1289 305 1371 346 tur
1387 333 1401 359 ‚
1423 304 1482 346 ut
1505 294 1605 365 jam
1634 294 1827 346 dictum
1856 303 1962 359 est,
2000 310 2054 347 n.
2082 296 2145 349 52

368 380 516 424 nem,
569 362 675 431 ejus
712 362 946 414 Officium
983 364 1044 415 fit
1077 368 1134 413 in
1163 380 1220 413 ea
1290 371 1343 412 et
1362 380 1468 431 seq.

367 428 635 478 Dominica
653 466 666 489 ‚
693 430 904 479 Litaniae
924 432 1044 482 vero
1067 438 1223 481 trans-

371 493 600 544 feruntur
626 498 683 544 in
719 495 914 546 Feriam
953 495 1221 547 secundam

369 567 678 629 sequentem.
731 559 790 610 Si
829 563 948 614 vero
986 562 1225 612 inciderit

367 628 503 676 intra
517 626 886 677 Hebdomadam
906 629 1125 690 Pasehae,
1142 628 1225 677 Li-

370 692 521 741 taniae
543 692 668 742 flent
699 692 740 742 F
742 695 846 743 eria
871 694 1086 744 secunda
1114 702 1225 761 post

370 755 690 807 Dominicam
719 762 776 809 in
796 759 960 822 Albis,
981 776 1227 830 quocum-

445 839 473 873 e
505 822 650 875 Festo
672 827 730 874 in
749 841 806 875 ea
836 836 1124 876 occurrente
1138 863 1152 887 ,
1175 832 1227 875 et

422 885 618 941 fficium>
640 889 694 940 S.
719 890 892 941 Marci·
905 891 1227 942 transferetur

371 958 431 1003 in
474 957 691 1023 primum
925 965 1183 1009 vacantem
1208 994 1223 1019 ‚

368 1018 514 1088 juxta
531 1022 756 1089 generale
875 1022 1119 1074 ubricam.

443 1085 525 1136 56.
542 1086 754 1153 Quando
771 1089 986 1139 secunda
1001 1088 1108 1140 dies
1123 1088 1229 1139 No-

375 1150 592 1202 vembris
611 1158 826 1204 occurrit
850 1158 908 1205 in
936 1155 1225 1217 Dominiczi,

376 1232 436 1266 eo
465 1215 548 1267 die
579 1218 641 1268 fit
675 1218 738 1269 de
775 1220 830 1270 S.
870 1220 1138 1284 Marcello,
1177 1229 1229 1271 et

375 1282 788 1335 commemoratio
865 1285 1229 1338 Defunctorum

376 1351 436 1397 in
463 1348 658 1400 Feriam
695 1350 964 1403 secundam
983 1352 1230 1403 transfer-

376 1418 478 1476 tur,
519 1423 576 1464 ut
605 1425 808 1467 notatur
853 1416 912 1468 in
953 1418 1226 1472 Breviario.

380 1478 649 1532 omittitur
709 1490 877 1533 autem
940 1483 1037 1535 hoc
1097 1501 1232 1534 anno

377 1544 792 1599 Commemoratio
840 1548 935 1599 SS.
978 1550 1232 1603 Eustachii

378 1619 430 1661 et
449 1614 712 1663 sociorum.

447 1676 530 1741 57.
573 1679 631 1728 Si
659 1679 804 1747 plura
838 1680 984 1731 Festa
1020 1680 1235 1731 transfe-

380 1751 574 1807 rantur,
609 1744 748 1813 prius
794 1746 856 1795 fit
889 1744 952 1796 de
993 1750 1234 1816 superiori

383 1808 464 1857 vel
485 1808 638 1877 gradu
659 1810 742 1861 vel
757 1810 1003 1881 dignitate
1022 1830 1036 1876 3
1068 1816 1111 1863 si
1131 1816 1236 1863 sint

381 1875 518 1923 inter
536 1892 586 1925 se
607 1876 822 1946 aequales
839 1914 854 1939 ,
887 1876 950 1927 de
971 1882 1035 1929 iis
1066 1878 1152 1928 fiet
1175 1896 1235 1929 eo

379 1939 555 1991 ordine
569 1958 671 2011 quo
689 1950 955 1993 occurmnt
983 1946 1040 1993 in
1063 1944 1237 1995 Calen-

355 2010 360 2016 ’
379 2005 536 2056 dario.

659 2103 855 2144 CAPUT
877 2105 961 2144 vl.

469 2181 545 2230 De
571 2181 1112 2232 Commemorationibm.

435 2270 516 2321 58.
533 2267 747 2332 Quando
762 2269 1230 2340 aliquodOfficium,

379 2343 580 2404 propter
603 2340 1000 2387 concurrentiam
1032 2337 1117 2388 vel
1147 2354 1234 2388 oc-

380 2404 681 2452 currentiam
696 2432 715 2463 ‚-
745 2402 890 2452 alteri
922 2401 1056 2452 cedit
1070 2439 1084 2464 ,
1122 2403 1234 2472 ple·-

377 2483 588 2540 rumque
602 2505 616 2529 ,
657 2475 716 2519 ut
751 2467 942 2519 dictum
977 2476 1053 2518 est
1070 2505 1086 2529 ,
1126 2483 1232 2519 non

377 2537 586 2584 omnino
605 2536 886 2596 omittitur,
922 2533 1011 2584 sed
1046 2551 1231 2603 quem—

375 2597 490 2650 dam
536 2603 593 2648 in
646 2597 824 2648 Officio
873 2602 922 2648 ei
968 2603 1230 2668 praeposito

372 2675 534 2715 servat
549 2665 735 2726 locum,
789 2667 847 2713 ui
861 2663 1010 2732 vulgo
1025 2673 1230 2716 vocatur

379 2731 617 2779 Memoria
635 2745 724 2778 seu
784 2734 1148 2780 cmmemorah‘o.

447 2793 566 2844 Haec
586 2793 998 2843 Commemoratio
1014 2793 1126 2844 fieri
1140 2813 1229 2864 po-

376 2867 474 2908 test
512 2862 570 2908 in
601 2863 826 2928 utrisque
865 2857 1094 2938 vesperis
1110 2897 1126 2923 ‚
1168 2865 1227 2912 in

375 2923 554 2974 Officio
585 2923 857 2986 Nocturno,
883 2932 934 2974 et
953 2941 1009 2973 m
1035 2925 1227 2978 Laudi-

372 2990 466 3040 bus
487 2989 666 3053 simul;
698 2989 783 3040 vel
812 2988 1011 3039 tantum
1047 2993 1104 3040 in
1127 2992 1227 3042 ali-

373 3072 474 3136 qua
492 3073 554 3104 ex
571 3055 653 3105 his
675 3056 823 3106 Horis
838 3093 852 3117 ,
870 3063 1018 3125 prout
1069 3061 1225 3108 atitur

370 3129 516 3182 ritus,
540 3118 758 3196 dignitas
785 3129 874 3171 aut
905 3124 981 3188 pri
1021 3125 1031 3135 ⁸
1057 3126 1224 3192 egium

371 3189 763 3256 uniuscujusque
796 3185 963 3244 Officii
1013 3201 1227 3242 concur-

369 3254 526 3301 rentis
552 3252 634 3303 vel
653 3248 972 3303 occurrentia.

441 3317 524 3382 59.
548 3316 687 3368 Inter
703 3316 1221 3384 Commemorationes,

374 3383 485 3431 aliae
539 3390 658 3433 sunt
707 3383 1038 3452 privilegiatae
1058 3423 1074 3447 ,
1109 3403 1223 3454 quae

373 3465 563 3516 semper
590 3448 743 3512 fiunt,
765 3449 938 3500 saltem
972 3467 1035 3499 ex
1051 3460 1220 3518 parte3

371 3513 481 3566 aliae
508 3513 809 3585 quandoque
830 3519 1225 3583 praetermittun-

1361 428 1697 497 Privilegiatae
1752 435 1872 476 sunt
1913 426 2150 479 Comme-

1294 498 1590 545 morationes
1607 492 1919 542 Annualium
1928 530 1942 555 ,
1958 494 2151 545 Solem-

1292 562 1435 610 nium
1456 598 1473 623 ,
1526 568 1577 610 et
1629 555 1924 626 Duplicium
1941 588 1971 597 -
1986 558 2151 629 majo-

1292 642 1404 675 rum
1446 662 1463 689 ,
1540 627 1767 675 omnium
1853 624 2152 675 Dominica-

1294 708 1404 741 rum
1430 728 1445 755 ,
1486 698 1540 741 et
1575 690 1831 741 Feriarum
1861 688 2105 759 majorum
2140 710 2151 741 τ

1295 774 1487 825 semper
1506 760 1657 806 etiam
1677 755 1904 806 facienda
1916 766 1993 807 est
2008 757 2155 809 Com-

1295 826 1586 873 memoratio
1617 820 1859 891 cujusque
1879 821 1983 872 diei
2014 826 2152 873 intra

1296 888 1509 939 Octavas
1538 887 1745 938 secundi
1768 886 1980 949 ordinis,
2000 887 2153 939 dum-

1296 953 1443 1005 modo
1461 970 1565 1003 non
1584 952 1815 1003 incidant
1837 956 1895 1002 in
1925 952 2035 1004 dies
2059 972 2151 1005 su-

1296 1020 1385 1089 pra
1405 1028 1632 1089 exceptos
1648 1056 1662 1081 ‚
1699 1035 1753 1068 n.
1778 1019 1843 1068 36
1862 1027 1915 1069 et
1931 1020 2012 1085 54.

1364 1086 1445 1136 60.
1467 1087 1530 1136 In
1548 1084 1886 1147 Annualibus,
1908 1085 1971 1134 ad
1989 1094 2155 1136 utras...

1334 1168 1397 1201 ue
1410 1152 1509 1202 Ves
1572 1168 1651 1201 ras
1666 1151 1726 1201 fit
1742 1150 2156 1203 commemoratio

1298 1168 1361 1267 de
1381 1218 1501 1287 Dup
1522 1214 1808 1284 ici-majore
1828 1228 2155 1267 concurrente

1298 1290 1351 1333 et
1371 1284 1535 1353 supra,
1558 1282 1621 1333 de
1630 1299 1947 1362 quacumque
1963 1282 2154 1333 Domi-

1298 1352 1412 1399 nica
1430 1386 1443 1411 ,
1474 1349 1537 1399 de
1556 1349 1699 1402 Fena
1720 1345 1903 1417 majore
1922 1348 2153 1399 secundm

1300 1414 1486 1477 classis,
1502 1413 1777 1483 (VideCap.
1795 1430 1915 1475 u‚n.
1980 1417 2152 1482 etii.)

1302 1478 1755 1549 etdequalibetdie
1768 1483 1900 1529 intra
1956 1488 2152 1531 etavam

1301 1549 1452 1614 primi
1466 1545 1675 1595 ordinis.
1697 1545 1779 1595 Ad
1798 1544 2033 1596 Officium
2054 1545 2157 1597 No·

1300 1620 1535 1661 cturnum
1557 1649 1572 1674 ,
1630 1611 1691 1661 fit
1742 1612 2157 1662 Commemoratio

1302 1675 1571 1745 cujuslibet
1589 1678 1871 1728 Dominicae
1885 1715 1899 1739 ,
1924 1685 1976 1727 et
1996 1678 2156 1727 Feriae

1303 1742 1505 1812 majoris
1520 1744 1792 1793 Homiliam
1812 1742 2072 1806 habentis;
2088 1743 2155 1795 de

1303 1806 1385 1858 die
1416 1808 1605 1860 Octava
1642 1808 1848 1859 secundi
1885 1816 1973 1858 aut
2012 1812 2155 1860 tertii

1303 1872 1515 1937 ordinis,
1532 1874 1681 1926 modo
1696 1874 1803 1943 ejus
1824 1874 1965 1927 Evan
1996 1874 2154 1924 elium

1302 1939 1555 1992 diversum
1583 1944 1650 1990 sit
1668 1940 1733 1989 ab
1760 1940 1963 2009 Evange
1983 1944 2033 1990 io
2056 1940 2095 1989 F
2096 1957 2158 1991 e·-

1304 2009 1387 2056 sti.
1413 2006 1477 2056 ln
1498 2006 1770 2069 LaudibuS,
1798 2016 1977 2075 praeter
2005 2006 2156 2057 Com·-

1304 2077 1683 2124 memorationes
1717 2089 1830 2142 quae
1862 2072 2003 2122 factae
2034 2083 2157 2122 sunt

1304 2140 1361 2186 in
1390 2135 1571 2189 Officio
1600 2139 1857 2191 Nocturno
1882 2147 1933 2188 et
1962 2141 2021 2187 in
2044 2138 2156 2188 Ve-

1304 2207 1601 2274 speris,quae
1610 2221 1869 2273 nunquam
1881 2203 1945 2253 ad
1964 2201 2157 2254 Laudes

1301 2271 1623 2332 omittuntur,
1652 2270 1740 2320 flet
1756 2273 1907 2319 etiam
1923 2269 2155 2319 Comme-

1302 2339 1517 2386 moratio
1558 2337 1715 2386 Feriae
1754 2329 1953 2403 majoris
1994 2338 2155 2385 tertiae

1300 2399 1486 2464 classis,
1512 2403 1659 2469 (Vide
1676 2400 1793 2470 Cap.
1815 2418 1867 2463 n,
1882 2417 1938 2451 n.
1950 2401 2027 2468 9.)
2047 2399 2155 2451 diei

1302 2464 1501 2518 Octavae
1534 2465 1740 2516 secundi
1780 2475 1869 2516 aut
1906 2469 2047 2516 tertii
2075 2481 2157 2516 or-

1299 2528 1435 2581 dinis
1451 2569 1467 2594 ,
1505 2540 1557 2582 et
1588 2530 1829 2612 cujusque
1867 2529 1973 2582 diei
2017 2535 2153 2582 intra

1300 2596 1537 2648 Octavam
1557 2597 1763 2647 secundi
1798 2595 2006 2647 ordinis.
2052 2596 2153 2647 Se-

1297 2661 1473 2712 cundae
1486 2663 1712 2730 Vesperae
1722 2663 1999 2715 admittunt
2010 2661 2156 2713 Com·-

1298 2732 1704 2779 memorationem
1730 2727 1793 2778 de
1815 2727 2154 2797 Duplici-mi-

1296 2809 1417 2844 nore
1444 2791 1509 2846 de
1526 2811 1627 2865 quo
1651 2793 1889 2863 postridie
1911 2794 2001 2844 fiet
2016 2792 2152 2845 Offi-

1295 2875 1448 2910 cium.

1358 2926 1417 2976 61
1429 2961 1442 2976 .
1468 2924 1829 2976 solemnia-ma
1835 2922 1934 2975 'ora
1939 2961 1955 2988 ‚
1971 2934 2153 2993 praeter

1295 3007 1375 3041 eas
1410 3008 1525 3060 quae
1557 2991 1691 3041 fiunt
1722 2995 1779 3041 in
1854 2989 2149 3052 munilibus,

1294 3058 1351 3105 in
1371 3060 1595 3126 utrisque
1619 3057 1851 3124 vesperis
1867 3055 2150 3106 admittunt

1294 3121 1794 3176 Commemorationes
1814 3120 1878 3172 de
1904 3121 2151 3191 Duplici·—

1294 3191 1505 3250 minore,
1528 3196 1580 3238 et
1594 3187 1656 3238 de
1680 3203 1883 3257 quaque
1908 3185 1993 3236 die
2013 3191 2149 3238 intra

1294 3251 1532 3305 Octavam
1572 3252 1779 3306 secundi
1816 3251 2009 3302 ordinis
2029 3273 2043 3314 3
2089 3250 2149 3305 ἵει

1296 3317 1547 3369 Laudibus
1564 3355 1577 3380 ,
1607 3318 1671 3369 de
1698 3317 1906 3368 Semidu
1939 3317 2063 3380 lici,
2095 3327 2147 3368 et

1293 3382 1354 3433 de
1374 3383 1601 3464 qualibet
1626 3382 1709 3434 die
1734 3386 1869 3432 intra
1976 3390 2145 3432 tavam

1293 3453 1433 3499 tertii
1450 3447 1657 3500 ordinis,
1684 3447 1767 3498 Ad
1782 3445 2024 3498 secundas·
2039 3445 2147 3500 Vc·

1292 3531 1457 3582 sperae
1490 3513 1777 3566 eorumdem
1812 3513 1873 3588 fit
1908 3513 2144 3565 Comme·
