2392 4050
467 156 581 226 xxvj

614 255 892 307 Camcuu.
925 252 1153 306 Malach.
1190 271 1240 307 2.

466 289 705 382 Panum
730 341 916 379 meum
946 325 1050 378 fuit
1074 342 1199 379 cum
1225 341 1290 378 eo
1307 367 1322 389 ‚

467 400 588 453 vitae
609 407 662 452 et
687 399 835 470 pacis
859 418 874 449 ι
900 399 927 426 ¹*
951 405 1007 452 et
1030 400 1158 454 dedi
1182 399 1232 452 ei
1259 399 1325 452 ti-

467 473 707 535 morem,
741 479 795 525 et
832 471 1013 525 timuit
1050 489 1169 534 me,
1207 479 1262 525 et
1298 474 1328 525 a

468 547 607 600 facie
629 545 869 599 nominis
896 546 1003 598 mei
1022 545 1268 617 pavebat.

541 621 647 672 Lex
697 619 933 671 veritatis
981 618 1082 672 suit
1132 618 1188 670 in
1233 634 1328 672 ore

466 693 617 762 ejus;
661 690 687 718 ¹*
724 699 778 744 et
814 690 1069 760 iniquitas
1104 708 1219 744 non
1251 698 1330 744 est

466 767 687 820 inventa
712 765 772 817 in
800 763 957 818 labiis
980 766 1115 833 ejus,

542 841 605 890 In
625 853 759 909 pace
782 845 834 890 et
858 838 917 890 in
946 839 1196 907 aequitate
1215 853 1325 890 am-

468 912 679 968 bulavit
708 927 925 964 mecum
947 951 961 972 ‚
990 912 1016 939 ¹*
1050 919 1103 965 et
1125 911 1329 963 multos

470 985 659 1039 avertit
684 983 753 1037 ab
778 983 1078 1052 iniquitate.

542 1056 711 1110 Labia
731 1058 877 1110 enim
892 1057 1197 1112 Sacerdotis
1216 1073 1328 1108 cus·

470 1131 681 1186 todient
716 1131 1024 1190 scientiam:
1066 1138 1121 1183 et
1154 1131 1322 1199 legem

468 1201 749 1274 requirent
771 1219 836 1256 ex
859 1219 954 1256 ore
980 1205 1124 1273 ejus:
1154 1203 1179 1231 ⁸*
1203 1204 1330 1272 quia

469 1278 691 1346 angelus
733 1277 961 1330 Domini
998 1275 1328 1342 exercituum

467 1357 562 1404 est.
1255 1389 1266 1396 .

486 1423 491 1426 ’
544 1420 673 1476 Am.
711 1443 759 1492 7.
788 1423 845 1476 d.
880 1425 965 1476 Tu
986 1423 1255 1476 assentitus
1273 1438 1329 1474 es

468 1495 778 1550 doctrinam
795 1536 810 1557 ‚
849 1495 1015 1550 fidem
1032 1537 1045 1557 ‚
1082 1496 1326 1566 longani-

467 1570 744 1630 mitatem,
800 1570 1147 1623 dilectionem
1169 1609 1183 1630 ‚
1230 1585 1325 1640 pa-

467 1642 741 1703 tientiam,
770 1642 1003 1696 alleluia.
1037 1660 1064 1694 2
1100 1642 1234 1696 Tim.
1271 1644 1320 1696 5.

543 1716 672 1768 Ant.
706 1716 756 1768 8.
794 1717 858 1768 G.
891 1717 1087 1768 Beatus
1104 1716 1199 1769 ille
1221 1732 1325 1778 sere

470 1804 592 1850 νυε,
618 1804 780 1858 quem
800 1829 815 1852 ,
842 1790 967 1842 cum
1000 1789 1208 1843 venerit
1227 1789 1325 1843 do-

468 1861 657 1914 minus
678 1861 823 1930 ejuS,
852 1863 1120 1916 invenerit
1145 1862 1221 1916 sic
1247 1862 1324 1916 sa-

469 1935 705 1988 cientem
737 1956 752 1984 2
776 1951 935 2004 super
963 1935 1151 1988 omnia
1176 1934 1326 1989 bona

470 2023 567 2061 sua
593 2006 885 2062 constituet
909 2023 1032 2063 eum
1048 2050 1062 2071 ,
1088 2009 1318 2063 alleluia.

466 2083 527 2134 Μ
530 2078 662 2134 aith,-
698 2083 783 2145 24.
1116 2108 1121 2129 ·.

592 2157 905 2211 Carnutum
936 2160 943 2167 “
996 2174 1016 2207 1
1053 2156 1188 2208 Tim.
1213 2157 1266 2209 5.

471 2184 625 2303 Qui
650 2227 790 2282 bene
826 2236 1069 2297 praesunt
1098 2228 1323 2299 Presby-

468 2301 604 2363 teri,
660 2302 865 2371 duplici
914 2300 1125 2356 honore
1172 2302 1324 2371 digni

466 2372 769 2429 habeantur
784 2375 821 2433 ς’
840 2375 1075 2429 maxime
1120 2376 1214 2445 qui
1257 2377 1323 2428 la·

466 2445 666 2501 borant
690 2449 749 2501 in
779 2446 946 2501 verbo
976 2454 1029 2503 et
1053 2447 1316 2503 doctrina.

784 2524 1013 2576 numus.

470 2552 549 2647 Ο
622 2594 958 2647 ὃΑοιειιυοι-υιι
1018 2595 1322 2649 veneranda

610 2665 767 2732 jura!

468 2738 579 2787 Ceu
628 2736 771 2788 vices
815 2738 1014 2793 Christi
1064 2748 1315 2804 teneant,

610 2809 794 2861 sallitis

467 2878 700 2943 Arbitri,
734 2882 1022 2948 claudunt,
1064 2894 1320 2941 reserant·

615 2970 721 3024 que
745 2952 907 3009 nobis

462 3027 614 3081 Atria
642 3028 784 3082 coeli.
907 3078 915 3083 ,
1136 3074 1143 3079 .

455 3144 463 3153 .
540 3101 719 3155 Omne
746 3103 1045 3173 pendentes
1064 3105 1236 3161 scelus
1257 3106 1315 3159 in

608 3177 826 3237 statera,

462 3247 599 3300 Ciun
615 3262 771 3373 telum
790 3250 1021 3313 solvunt,
1044 3254 1191 3305 Deus
1204 3252 1316 3324 ipse

606 3335 665 3373 80
688 3320 786 3380 vit:

1007 169 1149 208 (208ss
1155 171 1250 208 mm
1271 169 1705 210 Pnsssnrmnonuu.

1397 253 1620 307 Vincula
1643 251 1826 304 nectit.

1473 330 1630 391 Qum
1653 340 1846 376 manus
1865 321 2070 377 morbis
2091 323 2224 378 adhi-

1543 397 1680 454 bent
1701 397 1932 467 peritas!

1398 474 1537 526 Cnm
1557 479 1772 534 secant,
1792 487 2010 542 semper
2025 472 2112 541 pia
2125 470 2226 525 dex-

1543 553 1622 598 tra
1655 544 1813 598 caedit
1830 567 1848 604 ς

1399 620 1535 672 Οὺω
1569 618 1781 680 fovent,
1826 631 2042 688 semper
2071 616 2154 689 pia
2174 618 2228 670 le-

1543 691 1625 744 nit
1651 705 1866 759 ungens

1398 765 1628 818 Vulnera
1653 763 1856 818 dextra.

1470 837 1642 892 Verba
1669 837 1801 890 dum
1827 843 2119 907 promunt,
2149 851 2232 906 po·

1542 911 1704 980 pulus
1726 909 1908 963 fidelis

1397 983 1606 1055 Excipit
1643 1000 1838 1036 vocem
1854 1023 1870 1045 ,
1903 980 2126 1054 cupidus
2151 980 2230 1036 do-

1545 1057 1685 1116 ekriz

1398 1132 1603 1202 Nempe
1649 1129 1850 1184 divinae
1903 1145 2053 1183 sacra
2099 1127 2233 1183 verba

1542 1203 1674 1272 legis

1397 1279 1578 1338 Mente
1605 1273 1939 1331 recondunt.

1468 1353 1680 1402 Innatus
1718 1348 1974 1420 prompti
2010 1343 2234 1402 cohibere

1545 1423 1756 1476 fulmen
1773 1463 1789 1485 ‚

1397 1498 1550 1550 Stant
1567 1495 1634 1550 ab
1655 1496 1913 1558 adverse,
1937 1493 2232 1548 Dominum-

1395 1585 1652 1770 Vlndiitlui
1673 1571 1902 1698 {ibacggg
1913 1607 1930 1630 ⁹
1945 1640 2147 1711 quoties
2179 1640 2234 1692 ab

1543 1733 1574 1768 a
1939 1748 1948 1752 -

1395 1790 1619 1859 Depluit
1649 1789 1772 1843 iraS.

1465 1867 1613 1918 Dum
1645 1859 1976 1916 Sacerdotes
2001 1865 2089 1916 tua
2110 1874 2232 1914 saera

1542 1942 1807 2000 tractant,

1398 2008 1634 2073 Christe,
1693 2009 1781 2063 fac
1841 2007 2016 2063 sacris
2067 2004 2234 2078 quibus

1541 2082 1855 2155 applicasti,

1397 2158 1710 2211 Consonent
1721 2172 1912 2211 mores
1927 2195 1942 2218 ,
1965 2152 2231 2227 populique

1538 2230 1631 2283 ssat

1393 2306 1593 2357 Forma
1617 2302 1902 2358 SacerdoS.

1464 2380 1679 2430 Lumms
1730 2372 2030 2447 splendor,
2087 2372 2231 2427 Patris

1537 2467 1648 2503 una
1674 2451 1888 2522 proice„

1393 2521 1637 2649 Christef)
1659 2529 1708 2575 te
1737 2535 1952 2594 pronus
1976 2519 2229 2575 veneretur

1538 2614 1600 2650 or
1641 2614 1710 2658 ιε,
1753 2640 1766 2645 -

1395 2668 1504 2733 Qui
1543 2669 1864 2724 Sacerdotes
1903 2682 2008 2739 per
2041 2662 2228 2720 Amoris

1539 2743 1666 2796 almi

1389 2815 1614 2869 Flamen
1637 2815 1876 2883 inungis.
1921 2816 2114 2867 Amen.

1460 2893 1524 2958 γ.
1551 2890 1872 2949 Sacerdotes
1887 2888 1938 2956 ej
1947 2902 2010 2939 us
2027 2883 2222 2939 induam

1389 2962 1626 3021 salutari·⁹
1643 2980 1709 3034 ιγ.
1723 2961 1976 3015 Etsancti
1985 2956 2223 3028 ejusexul-

1389 3035 1594 3089 tatione
1618 3034 1956 3088 exultabunt.
1991 3035 2084 3085 Ps.
2119 3029 2216 3083 1‘31.

1457 3108 1548 3161 Ad
1569 3107 1911 3163 Benedictus.
1937 3106 2066 3161 Ant.
2099 3123 2140 3157 ι.
2161 3105 2215 3155 Ι).

1389 3182 1568 3250 Euge,
1601 3179 1926 3235 serve.bone
1960 3188 2015 3233 et
2035 3176 2214 3235 fidelis:

1387 3256 1514 3322 quia
1537 3271 1700 3327 super
1727 3270 1900 3324 pauca
1935 3251 2084 3305 fuisti
2103 3248 2217 3303 fide-

1387 3328 1476 3389 lis,
1523 3344 1685 3400 super
1727 3328 1901 3381 multa
1949 3334 2006 3381 te
2048 3321 2218 3378 consti·

456 3394 599 3447 cum
659 3392 829 3462 ligant
880 3403 1121 3463 sontem,
1167 3402 1315 3453 Deus
1383 3406 1563 3461 tuam:
1603 3402 1743 3455 intra
1777 3402 1832 3454 in
1859 3398 2118 3469 gaudium
2139 3393 2216 3447 dc>

603 3464 717 3537 ipse
742 3467 913 3527 sontis

1383 3473 1632 3530 minitui.
1642 3469 2124 3544 (Alleluiafflauk.
2135 3467 2210 3521 2⁵.

2347 3512 2349 3629 i

2347 3654 2349 3729 ι
