2392 4050
605 200 846 252 nqmch
870 204 932 241 An
958 198 1194 241 offerimuu
1216 200 1535 239 noca-uanum.
1920 188 1949 239 5

261 287 497 356 Populus
513 300 682 355 quem
703 298 816 339 non
838 288 1041 355 cogno-

1195 286 1277 338 ΙΝ
1314 285 1408 337 ΙΙΙ
1441 283 1867 341 NOCTURNO.

201 362 274 420 vi,
293 357 504 413 servivit
525 356 667 409 mihi
691 378 706 409 ε
737 357 762 386 *
779 357 838 412 in
856 360 1040 414 auditu
1115 375 1242 483 A„
1265 435 1319 481 te
1362 358 1588 410 Pmuus
1612 374 1698 426 27·

1328 466 1344 489 ,

204 432 328 487 auris
347 429 593 485 obedivit
614 429 770 484 mihi.

263 504 378 558 Filii
427 502 594 557 alieni
645 501 866 556 mentiti
921 511 1044 556 sunt

203 574 323 629 mihi
346 598 359 628 ε
387 575 416 603 ⁴*
447 574 553 627 filii
579 574 742 627 alieni
764 574 1041 629 inveterati

204 657 314 703 sunt
329 688 343 711 ,
365 655 420 701 et
443 646 882 711 claudicaverunt
910 650 939 701 ὲ
961 650 1041 701 se-

201 722 328 775 mitis
347 720 475 773 suis·

260 794 391 847 Vivit
409 790 704 854 Dominus»,
721 799 774 844 et
789 790 1040 845 benedic-

204 875 274 920 tus
293 868 441 919 Deus
457 880 614 917 meus
629 886 644 924 ;
659 864 688 892 ¹*
710 871 765 918 et
789 865 1044 919 exaltetur

203 943 331 993 Deus
352 936 537 990 salutis
554 952 708 990 meae.

261 1014 402 1064 Deus
416 1049 432 1071 ,
494 1008 590 1077 qui
645 1009 739 1063 das
785 1007 1043 1062 vindictas

201 1080 320 1135 mihi
335 1122 349 1144 ,
379 1088 436 1134 et
463 1080 651 1135 subdis
679 1082 908 1153 populos
943 1081 1039 1134 sub

201 1155 324 1216 me?
341 1152 602 1207 liberator
618 1168 771 1206 meus
784 1153 850 1207 de
867 1152 1039 1207 inimi-

200 1226 268 1279 cis
289 1226 424 1279 meis
441 1224 737 1279 iracundis

264 1300 327 1352 Et
351 1296 420 1351 ab
442 1294 851 1367 insurgentibus
873 1298 930 1351 in
951 1314 1041 1351 me

201 1369 442 1424 exaltshis
463 1386 558 1423 me
581 1391 596 1422 ε
625 1371 650 1400 ’“
669 1370 830 1424 inviro
853 1370 1042 1441 iniquo

199 1442 378 1515 eripies
397 1458 509 1497 me.

263 1518 554 1585 Propterea
602 1512 902 1568 confitebor
943 1515 1042 1569 fibi

201 1587 252 1639 in
269 1586 611 1649 nationibuS,
639 1588 906 1647 Dominez
940 1587 967 1616 ³*
991 1595 1044 1641 et

202 1660 402 1733 nomini
428 1666 528 1713 tuo
552 1660 820 1731 psalmum
845 1659 1036 1715 dicam.

263 1730 616 1802 Magnificans
667 1733 860 1785 salutes
906 1733 1042 1800 regis

200 1804 340 1872 ejus,
367 1806 396 1832 ¹*
417 1813 475 1858 et
514 1804 718 1859 faciens
750 1804 1044 1859 misericor-

200 1874 336 1929 diam
379 1876 586 1932 christo
621 1891 718 1931 suo
751 1876 955 1939 David,
993 1885 1047 1931 et

199 1950 382 2002 semini
417 1951 540 2017 ejus
584 1964 756 2017 usque
795 1949 854 2003 in
895 1952 1042 2003 secu-

199 2020 324 2074 lum.

356 2109 423 2160 In
449 2107 879 2180 Quadragesima.

263 2201 390 2254 Ant.
425 2217 476 2254 2.
515 2201 584 2254 D.
626 2200 1039 2262 convertimini,

195 2279 247 2325 et
262 2273 402 2342 figite
424 2273 833 2358 poenitentiam,
855 2282 909 2328 et
931 2289 1044 2328 non

195 2345 293 2398 erit
321 2343 478 2398 vobis
511 2345 572 2397 in
606 2345 818 2399 ruinam
845 2346 1044 2416 iniqui-

195 2425 288 2471 tas.
313 2417 497 2472 Ezech.
532 2418 614 2471 18.

266 2496 329 2562 γ.
369 2494 533 2544 Juxta
575 2499 653 2543 est
687 2491 950 2544 Dominus
981 2491 1046 2544 iis

192 2563 289 2630 qui
335 2561 598 2616 tribulato
655 2570 780 2616 sunt
839 2564 999 2617 corde
1028 2586 1040 2614 ε

195 2652 260 2699 ιφ.
290 2637 360 2688 Et
391 2635 632 2689 humiles
662 2635 849 2707 spiritu
882 2636 1045 2689 salva-

189 2705 286 2760 bit.
314 2711 412 2760 Pa.
443 2709 534 2761 55.

337 2807 591 2875 Tempore
616 2804 897 2858 Passionis.

259 2890 392 2944 Ant.
432 2893 483 2954 4.
521 2893 584 2944 Ε.
625 2889 910 2944 Timebant
939 2888 1044 2944 dis-

189 2961 358 3033 cipuli
391 2963 724 3030 interl-ogiae
756 2965 963 3025 Jesum,
995 2972 1047 3016 et

191 3035 492 3088 contristati
525 3043 664 3102 sunt·
679 3033 1039 3090 vehementer.

189 3107 384 3160 matth.
421 3127 505 3176 ¹7·
537 3110 706 3162 Marc.
737 3128 790 3177 9.

261 3185 324 3248 γ.
355 3183 422 3234 In
455 3188 756 3251 conspectu
791 3188 888 3235 tuo
921 3189 1046 3234 sunt

186 3265 380 3305 omnes
436 3252 534 3324 qui
597 3251 858 3307 tribulant
913 3270 998 3307 me
1028 3277 1040 3305 ι

185 3337 256 3390 130.
303 3325 710 3396 Impmperium
758 3327 1048 3397 expectavit

175 3409 278 3520 ἷοι·
302 3415 527 3522 61811eum
556 3437 572 3460 ‚
638 3405 693 3452 et
756 3399 1038 3454 miseriam.

225 3488 272 3522 s.
379 3509 394 3522 .

1371 429 1627 491 Domine,
1671 428 1913 483 clamabo
1938 452 1950 481 ε

1111 506 1433 555 Deus·meus
1445 542 1460 564 ‚
1480 518 1552 555 ne
1570 500 1721 556 sileas
1740 504 1770 555 ὲ
1786 517 1873 555 me
1890 542 1905 565 ,
1930 502 1955 529 *

1112 574 1399 643 nequando
1422 576 1593 627 taceas
1616 576 1646 627 ὲ
1668 590 1775 636 me,
1798 582 1851 626 et
1875 590 1953 627 as·

1113 646 1389 701 similabor
1420 644 1861 701 descendentibus
1896 648 1953 700 in

1113 722 1305 774 lacum.

1183 791 1420 854 Exaudi,
1462 792 1696 846 Domine
1712 832 1726 855 ,
1771 807 1953 845 vocem

1113 863 1501 936 deprecationis
1524 882 1655 918 meae
1670 904 1683 926 ,
1709 865 1839 919 dum
1860 880 1957 917 oro

1113 937 1181 991 ad
1202 944 1283 1000 te,
1318 938 1345 967 ¹*
1380 936 1510 990 dum
1538 938 1731 991 extollo
1768 950 1957 990 manus

1111 1026 1258 1063 meas
1299 1010 1369 1063 ad
1413 1010 1675 1083 templum
1714 1018 1953 1063 sanctum

1111 1090 1281 1137 tuum.

1183 1156 1261 1209 Ne
1296 1154 1457 1207 simul
1498 1154 1673 1208 trahas
1711 1169 1801 1207 me
1836 1168 1958 1205 cum

1112 1226 1514 1297 peccatoribus3
1544 1227 1570 1254 ¹*
1594 1234 1647 1279 et
1686 1240 1809 1279 cum
1833 1240 1956 1294 ope-

1113 1297 1357 1351 rontibus
1384 1298 1719 1367 iniquitotem
1745 1313 1815 1351 ne
1839 1313 1963 1369 per-

1115 1372 1209 1427 das
1232 1388 1321 1425 me
1344 1394 1357 1423 =

1187 1444 1298 1507 Qui
1318 1445 1610 1512 loquuntur
1626 1458 1813 1513 pacem
1834 1460 1957 1497 cum

1112 1517 1357 1587 proximo
1379 1532 1479 1570 suo
1502 1539 1516 1577 ς
1554 1517 1579 1545 ¹*
1602 1517 1744 1570 mala
1780 1525 1955 1571 autem

1114 1590 1170 1642 in
1195 1587 1447 1643 cordibus
1471 1590 1673 1643 eorum.

1184 1664 1269 1716 Da
1279 1661 1685 1717 illissecundum
1696 1664 1859 1733 opera
1872 1664 1955 1716 eo-

1113 1734 1348 1795 rum,*et
1358 1733 1650 1789 secundum
1662 1734 1955 1804 nequitiam

1115 1804 1554 1877 adinventionum
1580 1807 1838 1877 ipsorum.

1186 1880 1496 1933 Secundum
1514 1880 1683 1949 opera·
1699 1880 1955 1932 manuum

1113 1952 1302 2004 eorum
1334 1951 1511 2005 tribue
1552 1952 1658 2005 illis
1678 1974 1693 2002 =
1734 1952 1761 1980 ¹‘
1796 1951 1959 2007 redde

1115 2022 1523 2080 retributionem
1548 2025 1734 2079 eorum
1756 2025 1898 2095 ipsis,

1189 2098 1459 2161 Quoniam
1526 2113 1647 2150 non·
1691 2098 1959 2151 intellexe-

1114 2178 1245 2224 runt
1288 2171 1449 2242 opera
1489 2169 1711 2224 Domini
1741 2211 1754 2232 ,
1806 2178 1859 2223 et
1898 2169 1958 2221 in

1115 2242 1280 2312 opera
1323 2245 1585 2296 manuum
1622 2243 1771 2312 ejus:
1806 2243 1835 2270 ⁴*
1866 2242 1959 2295 de-

1115 2321 1281 2368 strues
1298 2314 1445 2377 illos,
1466 2323 1521 2368 et
1537 2331 1651 2368 non
1680 2312 1961 2367 aedificabis

1115 2401 1223 2442 eos·
1742 2417 1749 2426 ⁴

1187 2458 1507 2512 Benedictus
1564 2460 1831 2512 Dominus
1858 2497 1872 2516 ,
1938 2457 1962 2482 ³*

1118 2529 1375 2598 quoniam
1444 2528 1708 2582 exaudivit
1778 2543 1959 2581 vocem

1117 2601 1509 2674 deprecationis
1531 2618 1682 2655 meae.

1186 2675 1454 2729 Dominus
1472 2676 1687 2744 adjutor
1702 2689 1851 2728 meus
1864 2715 1877 2736 ‚
1910 2682 1962 2726 et

1115 2755 1386 2819 protector
1422 2763 1571 2802 meus
1606 2771 1620 2799 ε
1672 2750 1699 2779 ¹*
1738 2750 1796 2802 in
1846 2749 1960 2816 ipso

1117 2821 1343 2889 speravit
1366 2835 1465 2875 eor
1482 2836 1667 2874 meum
1687 2861 1701 2884 ,
1732 2828 1785 2875 et
1809 2821 1959 2888 adju-

1117 2901 1201 2948 tus
1224 2909 1357 2948 sum.

1185 2969 1255 3019 Et
1288 2965 1529 3019 refloruit
1562 2981 1691 3018 caro
1732 2979 1883 3024 mea:
1936 2965 1960 2993 ⁴*

1114 3044 1169 3163 {t
1195 3054 1257 3090 ex
1279 3039 1549 3092 volumtate
1584 3054 1703 3092 mea
1738 3037 1957 3092 confite-

1153 3125 1219 3162 or
1238 3127 1306 3164 ei.

1185 3182 1449 3239 Dominus
1490 3183 1757 3237 fortitudo
1786 3181 1959 3254 plebis

1116 3269 1222 3306 suoe
1242 3295 1255 3316 ,
1284 3254 1310 3281 ¹*
1341 3262 1395 3307 et
1416 3263 1687 3325 protector
1717 3255 1956 3309 salvatio-

1115 3341 1249 3379 num
1274 3324 1455 3380 christi
1478 3328 1559 3381 sni
1586 3336 1677 3382 est.

1183 3400 1395 3452 Salvum
1412 3401 1497 3454 fac
1506 3401 1767 3471 populum
1782 3406 1931 3450 tuum
1940 3437 1953 3458 ‚

1115 3471 1378 3535 Domine,
1406 3478 1459 3526 et
1480 3471 1707 3526 benedic
1730 3468 1956 3522 haeredi-
