2392 4050
435 187 469 236 6
998 201 1314 238 animentur
1337 199 1650 238 custumia

434 286 707 341 currentes,
718 282 970 331 itatamen
980 289 1040 332 ut
1050 280 1287 333 Officium
1362 283 1482 332 tiam
1522 281 1790 348 superioris
1825 278 1958 328 alifis
2007 279 2214 341 Officii,

435 345 718 396 Dominicae
762 347 897 396 intra
943 346 1184 398 Octavam
1231 351 1289 397 in
1357 345 1420 396 de
1449 345 1532 395 his
1558 343 1867 396 solummodo
1899 343 2126 395 facienda
2145 347 2214 394 sit

434 411 607 481 aliquo
626 428 687 462 ex
704 409 785 462 his
806 410 983 463 diebus
1003 414 1095 464 flat
1118 433 1129 465 ε
1169 413 1290 463 Du-

434 476 588 545 plicia
607 477 726 528 vero
747 481 939 530 minora
954 516 969 541 ‚
995 483 1039 530 si
1096 495 1171 530 uae
1193 480 1290 528 ali-

434 541 554 594 cubi
593 553 883 607 occurrant,
926 553 1061 596 trans
1082 552 1292 597 eruntur

434 616 546 677 post
565 606 824 659 Octavam.

504 674 561 724 31
574 709 586 724 .
612 672 847 728 Officium
868 674 1168 728 Octavarum
1190 677 1292 726 Pa-

436 739 567 790 schae
596 748 648 790 et
679 740 991 793 Pentecostes
1004 781 1017 804 ,
1052 760 1168 794 cum
1186 746 1292 792 ritu

436 804 537 858 sibi
586 810 784 875 proprio
809 845 823 869 ,
879 812 1175 860 terminatur
1229 807 1293 858 ad

442 869 639 921 Nonam
660 876 715 921 in
740 871 959 924 Sabbato
979 875 1180 926 Festum
1209 891 1293 924 se·-

474 943 643 987 uente.
659 936 894 990 Officium
906 943 1042 991 intra
1055 940 1293 992 Octavam

495 1006 745 1055 ativitatis
782 1005 995 1057 Domini
1044 1007 1103 1057 fit
1140 1010 1294 1056 etiam

375 1116 382 1123 ,
440 1072 544 1118 ritu
562 1070 823 1137 peculiari,
848 1081 905 1123 ut
926 1071 1187 1123 ordinatur
1207 1089 1296 1122 suo
1326 1082 1329 1105 ¹

437 1135 565 1186 loco.
586 1134 665 1185 De
683 1135 951 1188 Dominica
975 1142 1109 1189 intra
1129 1138 1295 1188 Octa-

438 1217 574 1262 vam,
599 1203 643 1252 si
666 1206 832 1270 primo
852 1203 1018 1278 triduo
1034 1211 1260 1254 occurrat
1277 1241 1292 1266 ,

438 1265 577 1318 nihil
612 1265 673 1346 fit
687 1305 701 1330 ‚
722 1267 809 1320 sed
824 1286 931 1337 ejus
954 1269 1189 1320 Officium
1210 1286 1299 1340 po-

439 1340 583 1384 mtur
601 1331 685 1384 die
706 1337 961 1403 trigesima
981 1335 1294 1397 Decembris3

440 1397 583 1450 secus
618 1402 662 1448 si
701 1401 760 1449 in
796 1401 1035 1452 ultimum
1072 1400 1298 1451 triduum
1330 1424 1331 1427 ¹

440 1463 652 1516 incidat.
696 1464 823 1516 Dies
863 1484 977 1535 quae
1018 1474 1300 1536 sequuntur

442 1528 882 1581 circumcisionem
902 1549 1059 1602 usque
1077 1530 1141 1581 ad
1156 1532 1300 1600 Vigi-

440 1595 563 1644 liam
602 1593 698 1663 Epi
735 1595 900 1645 haniae
918 1634 933 1658 ‚
970 1614 1029 1648 eo
1063 1595 1201 1666 quod
1236 1596 1300 1646 ad

445 1658 685 1710 Octavam
748 1664 994 1711 ativitatis
1005 1671 1301 1712 censeantur

443 1727 693 1840 &zi-tinere
708 1762 721 1786 ‚
740 1727 1002 1777 nonnullis
1020 1727 1301 1796 privilegiis
1332 1780 1335 1793 ¹

1360 411 1788 462 Commemoratio.
1840 409 1986 462 Intra
2029 419 2218 461 ceteras

1360 476 1600 539 Octavas.,
1635 476 1868 527 Officium
1906 475 2108 527 Octavoe
2129 493 2217 526 ce-

1360 542 1438 594 dit
1481 542 1660 593 Officio
1714 543 1998 592 Dominicae
2011 577 2028 603 ,
2061 544 2217 592 etiam

1360 612 1640 660 communis
1659 625 1746 676 per
1765 623 1956 657 annum
1971 644 1986 669 ‚
2025 605 2090 656 de
2113 624 2222 676 quo

1363 675 1424 726 fit
1459 675 1490 726 εὶ
1519 675 1748 743 vesperis
1777 672 1988 723 sabbati
2025 689 2220 740 pracs-

1362 739 1530 792 dentis
1543 777 1558 802 ‚
1591 749 1644 790 et
1673 739 1860 790 Octava
1893 737 2047 788 habet
2081 737 2222 789 dun·-

1362 815 1502 858 taxat
1524 807 2072 856 Commemorationem.

1413 872 1538 923 Dies
1547 876 1680 930 intra
1693 871 1932 921 Octavam
1943 869 2224 920 admittunt

1363 937 1714 1008 quodcumque
1765 936 1968 987 Festum
2016 934 2225 1003 Duplex

1365 1020 1626 1054 occurrens
1646 1041 1662 1066 ,
1711 1019 1816 1054 non
1849 1010 2015 1052 autem
2049 1005 2224 1052 trans-

1365 1069 1524 1120 latum
1538 1107 1554 1132 ,
1587 1078 1792 1138 excepto
1826 1085 1930 1118 uno
1965 1084 2084 1117 casu
2103 1103 2122 1129 ,
2156 1067 2226 1117 de

1365 1152 1467 1204 quo
1494 1134 1626 1186 infra
1640 1173 1654 1197 ,
1679 1152 1734 1186 n.
1771 1135 1858 1214 48.
1890 1133 2086 1184 Diebus
2115 1149 2224 1183 non

1447 1331 1550 1381 Sed
1587 1331 1674 1381 hic
1715 1349 1744 1380 a
1779 1334 1879 1380 'tur
1919 1329 2120 1380 tantum
2159 1329 2226 1381 de

1368 1394 1572 1448 Octavis
1600 1414 1714 1466 quae
1782 1404 1876 1445 unt
1907 1394 2114 1446 secundi
2141 1411 2228 1446 or·-

1367 1460 1504 1512 dinis
1527 1465 1583 1511 in
1603 1471 1707 1512 tota
1727 1461 1959 1525 dioecesi,
1981 1478 2086 1511 non
2103 1463 2230 1514 vero

1368 1525 1430 1576 de
1463 1525 1664 1578 Octavis
1701 1527 2023 1578 Patronorum
2055 1525 2229 1595 cujus-

1369 1609 1467 1662 que
1501 1593 1719 1644 eoclesiae
1733 1630 1748 1655 ‚
1787 1591 1849 1643 de
1886 1592 2073 1662 quibus
2111 1610 2135 1644 s
2199 1621 2230 1631 -·

1369 1657 1520 1708 ciales
1551 1660 1732 1728 regulae
1761 1666 2048 1710 statuuntur
2071 1661 2128 1708 in
2175 1657 2228 1722 a,

1371 1726 1427 1772 in
1459 1727 1738 1789 Appendice
1765 1722 1830 1773 ad
1858 1723 2010 1774 finem
2042 1722 2232 1774 Rubri·

523 1797 747 1842 tavarum
768 1791 1003 1860 gaudent,
1022 1801 1081 1842 ut
1099 1801 1303 1843 notatur
1332 1800 1337 1859 ς
1371 1805 1540 1838 carum
1567 1793 1746 1856 posita.

446 1858 504 1905 in
524 1855 797 1906 Breviario.
834 1859 895 1907 Si
922 1858 1191 1909 Dominica
1215 1875 1301 1908 oc-
1332 1862 1335 1909 Ξ

448 1928 614 1970 currat
632 1920 715 1972 his
740 1921 917 1973 diebus
932 1960 949 1984 ,
970 1923 1033 1974 de
1051 1941 1110 1973 ea
1128 1923 1190 1974 fit
1210 1923 1304 1973 of-

1436 1853 1560 1904 Dies
1580 1853 1766 1907 Octava
1779 1862 1854 1904 est
1881 1853 2232 1923 Duplex-ma-

1334 1968 1335 1971 ,
1365 1916 1450 1987 jus
1463 1940 1478 1981 3
1533 1929 1584 1969 et
1634 1923 1691 1970 in
1745 1923 2088 1971 concurrentia
2141 1920 2228 1970 vel

448 1985 622 2039 ficium
657 1986 741 2038 die
782 1987 998 2039 secunda
1037 1999 1089 2040 et
1124 1991 1304 2059 quarta
1334 1988 1337 2042 ὲ
1373 1988 1681 2037 occurrentia
1744 1985 1949 2037 alterius
2017 1983 2228 2049 Officii'‚

449 2052 683 2103 «Ianuarii
734 2054 1011 2118 duntaxat3
1060 2059 1104 2105 si
1161 2056 1304 2107 nulla

448 2126 674 2169 occurrat
720 2119 989 2171 Dominica
1011 2158 1025 2183 ,
1067 2119 1305 2171 Officium
1334 2131 1337 2140 ⁴

432 2183 731 2243 ‚Dominicae
781 2188 916 2235 inter
950 2186 1305 2237 circumcisio-
1336 2201 1337 2230 1

449 2264 567 2299 nem
586 2257 638 2299 et
654 2250 989 2318 Epiphaniam
1004 2256 1213 2321 ponitur
1221 2252 1305 2303 die
1336 2275 1339 2306 :
1461 2310 1473 2323 ,

1338 2345 1339 2382 ¹
1375 2328 1618 2381 majorum
1640 2314 1880 2367 Octavam
1908 2312 2227 2373 habentium.

447 2316 626 2383 quarta
653 2315 686 2365 J
689 2320 904 2367 anuarii.

1373 2054 1665 2121 astringitur
1696 2052 1881 2123 regulis
1922 2050 2055 2103 infra
2089 2055 2230 2121 posi-

1373 2120 1470 2178 tis,
1493 2115 1558 2165 Ca
1599 2135 1675 2169 .1v
1698 2126 1749 2168 et
1769 2136 1819 2169 v.

1441 2182 1522 2247 34.
1596 2181 1631 2232 d
1656 2187 1862 2234 tertium
1891 2181 2118 2233 ordinem
2143 2199 2230 2233 re·-

1374 2256 1615 2298 vocantur
1650 2248 1850 2300 Octavae
1887 2248 2234 2299 Solemnium-

518 2380 602 2429 32.
642 2379 877 2431 Officium
922 2380 1119 2433 dierum
1170 2386 1307 2433 intra
1338 2389 1339 2438 l
1378 2377 1520 2427 Intra
1546 2396 1645 2441 eas,
1679 2378 1914 2431 Officium
1935 2379 1998 2430 fit
2015 2382 2118 2429 ritu
2141 2378 2236 2430 Se·

451 2444 689 2498 Octavam
707 2449 867 2515 ipsius
884 2446 989 2498 diei
1007 2448 1308 2499 Dedicatio-
1338 2443 1341 2496 ss
1377 2443 1643 2512 miduplici
1656 2465 1670 2506 ;
1701 2444 1838 2496 cedit
1867 2455 2035 2495 tamen
2056 2445 2234 2496 Semi-

448 2514 531 2561 nis
543 2511 773 2563 Ecclesiae
794 2550 811 2575 ‚
834 2513 924 2563 fiet
940 2517 1044 2564 ritu
1064 2514 1309 2565 Semidu-

451 2578 605 2644 plici,
655 2577 869 2649 ideoque
918 2579 1157 2630 Officium
1187 2581 1308 2630 D'u—

451 2642 569 2721 plex
599 2659 859 2695 occurrens
894 2644 1005 2695 fieri
1037 2644 1188 2696 debet
1219 2660 1307 2697 suo
1338 2661 1341 2684 1

456 2706 557 2757 dia.
583 2708 648 2757 In
661 2708 949 2771 Dominica,
968 2713 1013 2761 si
1029 2713 1163 2759 intra
1174 2710 1307 2761 hanc

1338 2531 1339 2616 1
1375 2508 1661 2577 duplicibus
1700 2510 2076 2563 occurrentibus
2101 2547 2117 2573 ‚
2166 2509 2234 2560 de

1447 2575 1561 2625 ibus
1589 2575 1649 2625 fit
1679 2580 1832 2627 etiam
1865 2577 1894 2627 ὲ
1923 2574 2154 2645 capitulo
2173 2580 2234 2627 in

1423 2639 1655 2709 Vesperis
1668 2642 1733 2693 ad
1753 2642 2039 2712 Capitulum
2060 2642 2114 2692 11
2131 2640 2236 2692 Ve-

1377 2723 1626 2775 sperarum
1683 2708 1954 2763 exclusive.
2024 2706 2232 2775 Duplex

454 2772 694 2824 Octavam
730 2783 984 2836 occurrat,
1016 2774 1107 2825 fiet
1124 2775 1186 2827 de
1208 2776 1310 2826 Oc-
1339 2776 1342 2779 ’
1375 2774 1520 2834 vero,
1556 2776 1707 2823 etiam
1741 2774 2055 2836 translatum,
2087 2776 2232 2829 inte-

459 2846 575 2891 tava
595 2876 610 2901 ,
644 2841 749 2889 ritu
766 2838 1105 2904 Dominicali3
1128 2850 1181 2893 et
1199 2840 1307 2893 dies

449 2903 639 2955 Octava
674 2908 772 2955 erit
800 2904 1206 2976 Duplex-majus.

1376 2844 1516 2907 grum
1527 2837 1681 2889 habet
1690 2839 1950 2903 Officium,
1960 2856 2076 2891 cum
2088 2838 2234 2889 Com-

1338 2951 1339 2956 ,
1375 2909 1733 2956 memoratione
1749 2904 1966 2958 Octavae.
2005 2904 2086 2954 De
2119 2903 2234 2954 Do-

522 2971 603 3020 33.
648 2969 729 3021 Ad
768 2971 1041 3022 secundum
1076 2972 1306 3024 ordinem
1338 2967 1339 3030 1
1375 2974 1563 3021 minica
1605 2974 1728 3022 item
1767 2973 1960 3041 integre
1999 2971 2060 3020 fit
2097 2968 2230 3020 Offi-

453 3039 711 3103 pertinent
726 3037 927 3087 Octavae
948 3041 1175 3089 omnium
1203 3040 1308 3090 Fe-

1338 3077 1339 3088 ,
1373 3040 1529 3098 cium,
1542 3044 1603 3086 ut
1611 3038 1734 3089 solet
1748 3037 1857 3089 fieri
1867 3041 1924 3088 in
1938 3037 2228 3090 Dominica.

454 3110 641 3151 storum
685 3102 1302 3156 Annualium-minorum.
1336 3093 1339 3104 ¹
1375 3102 1498 3153 Dies
1510 3102 1698 3155 Octava
1709 3100 2234 3153 habetOfficiumDu-

520 3166 803 3219 Dominicae
815 3172 948 3219 intra
960 3169 1171 3223 Octavas
1186 3171 1308 3240 Epi·

1373 3166 1679 3237 plex-minus
1702 3207 1717 3234 ,
1759 3170 1776 3238 (
1806 3172 1904 3219 nisi
1955 3167 2233 3238 aliquando

452 3230 655 3300 phaniae
676 3272 691 3297 ,
756 3235 1077 3287 Ascensionis
1096 3274 1113 3300 ‚
1169 3237 1306 3287 Festi
1375 3250 1462 3303 pro
1497 3243 1571 3285 ter
1594 3235 1795 3285 Festum
1817 3250 2091 3295 annexum,
2122 3232 2233 3302 ejus

455 3298 683 3367 Corporis
723 3300 945 3365 Christi,
1004 3310 1057 3352 et
1090 3304 1306 3352 Assum-

452 3365 710 3481 ffif‘imjffl'
736 3366 931 3482 liguriae,
950 3384 1096 3483 suffiri
1115 3366 1308 3449 habent

556 3448 693 3483 cmm
709 3468 724 3493 ‚
801 3449 828 3482 e
874 3449 975 3502 quo
1106 3448 1306 3502 proprio

1375 3316 1458 3367 gra
1493 3317 1552 3349 us
1581 3301 1866 3368 attollatur)
1900 3308 1953 3350 et
1985 3303 2228 3370 quoniam

1375 3366 1508 3416 ultra
1531 3366 1785 3417 transferri
1803 3369 2003 3437 nequit,
2027 3375 2232 3435 praestat

1373 3435 1524 3481 etiam
1562 3430 1738 3483 Officio
1769 3432 2051 3484 Dominicae
2090 3446 2233 3481 com-

454 3495 541 3550 die
562 3534 580 3563 ,
622 3500 725 3551 nisi
748 3536 765 3563 ‚
803 3506 1003 3569 propter
1038 3514 1304 3553 occurren-
1371 3501 1557 3549 munis.
1581 3498 1756 3551 Cetero
1789 3500 2016 3570 sequitur
2035 3496 2233 3568 regulas
