2392 4050
845 176 972 215 PARS
995 178 1194 218 TERTIA.

197 256 314 303 misso
333 252 390 303 ad
411 253 521 303 Com
556 254 786 305 letorium
813 258 992 307 Gratia

195 322 382 379 Domini,
397 328 486 381 etc.
541 338 576 369 11
603 325 780 371 ceteris
812 322 991 385 Horis,

191 388 221 433 si
239 396 446 454 sequatur
459 386 594 437 aliud
614 386 870 452 Officium,
889 406 994 439 non

191 450 341 499 dicitur
377 456 614 503 Fv‘dol-ium
651 458 856 517 animae;
903 472 996 505 nec

191 534 372 587 unquam
392 521 446 567 in
467 518 622 569 Choro
651 518 718 569 ad
742 522 962 571 Primam
979 560 992 584 ‚

190 602 234 633 eo
247 583 364 652 quod
384 588 610 636 recitatus
638 590 707 637 sit
733 591 791 637 in
815 586 996 638 Officio

191 650 368 717 Capituli
385 652 600 702 Psalmus
611 656 691 703 De
702 654 994 719 profundis,

189 724 260 766 etc.
271 733 346 785 pro
355 716 608 768 Defunctis
623 738 633 767 :
648 720 888 770 similiter
905 737 997 771 nec

190 784 408 849 poetaliam
428 786 607 835 Horam
621 804 997 857 quamcumque

193 853 252 897 cui
274 849 588 918 subjiciuntur
603 891 616 914 ,
650 852 737 903 vel
757 852 996 903 Officium

193 932 352 983 parvum
371 916 520 968 beatae
542 919 743 981 Mariae,
763 920 848 970 vel
865 918 999 969 Offi-

191 985 290 1031 cium
309 983 680 1049 nefandorum,
706 986 791 1036 vel
811 986 998 1039 Psalmi

193 1046 535 1114 Poenitentiales‚
567 1062 658 1102 aut
692 1052 880 1115 Statio,
913 1064 1000 1103 aut

193 1112 392 1166 Processio
405 1156 418 1179 ‚
436 1126 523 1168 aut
545 1118 708 1169 Missa
725 1156 739 1180 ,
762 1129 851 1168 aut
869 1120 1000 1170 Con-

189 1184 260 1241 ci0,
271 1193 344 1231 aut
357 1184 590 1247 Psalmus,
603 1189 716 1235 sive
737 1186 997 1235 Canticum

189 1262 253 1312 pro
269 1248 399 1318 Rege,
417 1259 502 1301 aut
523 1268 614 1319 pro
631 1252 809 1321 aliqua
827 1268 1000 1302 neces—

187 1316 324 1375 sitate,
345 1325 426 1365 aut
452 1317 594 1367 aliud
625 1317 895 1387 ejusmodi.

237 1382 326 1432 188.
339 1383 542 1448 Quando
562 1384 746 1435 Oratio
763 1385 1000 1453 dirigitur

187 1445 232 1493 ad
267 1447 436 1499 Patrem
460 1489 474 1513 ,
507 1455 580 1501 sic
623 1450 949 1501 concluditur
983 1472 992 1503 :

187 1514 256 1561 Per
282 1516 520 1567 Dominum
563 1528 792 1567 nostrum
827 1521 1000 1567 Jesum

189 1579 388 1630 Christum
409 1584 598 1632 Filiu'm
617 1592 761 1632 tuum
775 1621 794 1643 ,
815 1586 906 1651 qui
923 1592 1000 1633 te-

185 1658 264 1690 cum
284 1648 396 1696 vivit
422 1658 469 1696 et
499 1658 687 1712 reynat
722 1650 779 1697 in
809 1653 1000 1699 unitate

186 1708 360 1771 spir-itas
391 1717 550 1775 saneti
575 1714 746 1773 Deus,
779 1732 877 1779 per
897 1732 999 1763 om-

185 1777 248 1822 nia
261 1781 400 1827 secula
419 1784 716 1829 seculorum.
740 1794 801 1847 ιγ.
828 1784 993 1830 Amen.

185 1837 228 1886 Si
245 1839 296 1889 ad
313 1840 523 1907 Filium,
558 1861 658 1913 per
685 1846 785 1902 Qui
803 1848 938 1895 vivis
953 1856 1001 1895 et

183 1920 440 1967 ’'cynas-cum
474 1912 581 1961 Deo
608 1912 761 1959 Patro
798 1914 854 1960 in
878 1913 998 1959 uni-

183 1978 258 2018 tate
288 1975 488 2038 Spiritui-s
521 1978 697 2026 sancte:
710 1978 871 2037 Deus,
901 1994 1000 2042 per

183 2040 308 2088 omnia
330 2045 504 2102 seculo,
537 2051 642 2092 ete.
677 2041 736 2091 Si
763 2046 819 2092 in
853 2044 998 2111 prin·-

182 2101 284 2168 cipio
314 2106 388 2156 vel
425 2110 552 2158 serie
591 2107 852 2159 Orationis
907 2110 998 2158 fiat

183 2174 334 2220 mentio
349 2173 464 2224 Filii
471 2212 485 2237 ,
509 2174 709 2225 dicitur
730 2194 740 2224 ε
754 2177 851 2225 Per
862 2193 997 2225 eum·-

181 2234 514 2290 demDminum
527 2250 784 2300 nostrum,
808 2251 904 2290 etc.
939 2241 996 2291 Si

179 2301 222 2348 in
237 2301 322 2352 fine
337 2303 589 2357 Orationis
612 2344 627 2368 ‚
653 2305 869 2358 dicitur:
899 2308 999 2366 Qui

179 2373 299 2418 lem
318 2374 440 2422 vivit
457 2382 504 2421 et
533 2381 715 2438 reqnat
739 2375 796 2422 in
820 2377 995 2423 unita-

179 2438 322 2489 temus.
351 2436 406 2487 Si
430 2437 524 2487 fiat
557 2441 756 2488 mentio
775 2439 996 2508 Spiritus

177 2505 322 2564 sancti,
336 2501 522 2555 dicitur
542 2523 553 2554 :
571 2507 632 2553 in
647 2506 838 2555 unitate
853 2508 995 2575 ejus-

176 2564 258 2614 dem
283 2569 488 2633 spiritns
523 2571 689 2620 sancti
712 2573 872 2630 DouS,
894 2579 989 2622 etc.

179 2627 252 2704 .¹²'⁰
279 2634 632 2687 concludendis
669 2635 994 2688 Orationibus

175 2711 218 2743 m
245 2699 394 2751 triduo
425 2711 546 2752 ante
595 2701 811 2765 Pascha,
849 2712 902 2752 et
937 2707 994 2754 in

175 2760 320 2816 Officio
335 2767 699 2819 Defunctorum
717 2806 731 2831 ,
753 2770 994 2820 servanda

173 2840 268 2880 sunt
282 2850 386 2902 quae
418 2837 634 2903 propriis
664 2835 786 2886 locis
803 2845 994 2886 notan-

174 2903 234 2944 tur
251 2901 302 2948 in
319 2899 589 2952 BreviariO.

225 2966 324 3082 tiz.
351 2967 564 3034 Quando
599 2968 766 3036 plures
784 2968 993 3019 Oratio-

171 3039 240 3104 προ
297 3033 480 3084 'cendae
505 3043 644 3096 sunt,
677 3037 854 3103 prima.
871 3044 993 3086 tan-

171 3100 258 3146 tum
295 3107 344 3149 et
384 3100 568 3150 ultima
603 3100 844 3166 dicuntur
877 3119 991 3153 cum

171 3175 320 3230 magna
337 3165 555 3217 clausula
569 3205 583 3230 ,
608 3170 704 3218 Per
730 3170 993 3218 Dominum

169 3237 376 3291 nostrum,
393 3239 490 3282 etc.
515 3234 598 3285 vel
617 3231 765 3284 aliter
777 3271 794 3296 ‚
824 3242 882 3283 ut
899 3251 992 3284 su-.

167 3292 250 3353 pra.
269 3293 578 3351 Intermediae
597 3306 766 3350 autem
786 3303 859 3351 sic
873 3317 993 3351 con-

168 3355 413 3414 eluduntur
439 3383 451 3415 :
482 3369 578 3416 Per
611 3366 860 3417 Christum
883 3369 991 3416 Do·-

170 3427 570 3482 ninnnnosmm.
603 3447 662 3498 ιγ.
685 3437 847 3481 Amen.
879 3431 988 3483 vel:

173 3486 248 3538 Per
281 3496 488 3546 eumdem
545 3499 834 3558 Christum,
889 3508 985 3550 etc.

1855 186 1923 239 ²⁷

1063 259 1172 309 vel:
1204 259 1306 317 Qui
1330 262 1467 309 vivis
1492 271 1541 311 et
1565 278 1746 326 requos
1764 264 1920 313 Deus.

1063 341 1124 396 ιγ.
1151 331 1314 375 Amen.
1334 326 1417 379 vel
1445 344 1456 375 :
1496 331 1596 390 Qui
1614 337 1766 380 tecum
1797 331 1927 377 vivit

1065 402 1114 441 et
1131 402 1307 455 reynat
1326 394 1480 441 Deus.
1503 406 1563 458 ιγ.
1582 398 1748 443 Amen.

1134 472 1249 521 19ο.
1280 456 1567 507 Notandum
1596 467 1763 509 autem
1788 460 1925 540 quod

1065 526 1345 593 unicuique
1377 523 1607 574 Orationi
1650 530 1925 593 praemitti-

1065 598 1148 639 tur
1208 592 1432 651 Oramus,
1472 600 1523 641 et
1564 592 1691 641 Ievis
1774 611 1891 642 ausa
1908 631 1922 657 ,

1066 663 1391 726 praeterquam
1421 662 1475 706 in
1512 656 1691 708 Officio
1722 610 1927 709 Refun—

1066 731 1289 783 ctorum,
1327 732 1379 773 et
1424 727 1481 773 in
1521 725 1769 788 Litaniis,
1808 726 1923 776 cum

1067 791 1233 867 plures
1258 789 1521 842 Orationes
1548 791 1787 841 dicuntur
1802 810 1927 843 con-

1061 860 1280 927 Junctim
1303 857 1395 906 sub
1418 874 1518 909 uno
1546 859 1767 907 Oramus.

1140 938 1251 987 191.
1293 923 1355 972 In
1386 921 1711 973 Orationibus
1732 932 1783 974 et
1806 923 1931 974 Ver-

1069 990 1240 1040 siculis
1276 994 1333 1038 in
1388 990 1573 1059 quibus
1610 998 1815 1040 notatur
1854 994 1923 1038 N.

1069 1060 1423 1123 pronuntiatur
1436 1073 1617 1107 nomen
1635 1056 1930 1126 baptismale

1069 1120 1174 1192 ejus
1193 1122 1256 1173 de
1276 1140 1379 1192 quo
1408 1122 1468 1172 fit
1487 1127 1695 1174 mentio.

1319 1228 1515 1267 CAPUT
1540 1231 1653 1267 ΧΠ.

1134 1296 1216 1344 Do
1250 1296 1481 1345 Oratione
1498 1297 1763 1347 Dominica
1776 1337 1795 1357 ,
1816 1311 1863 1349 et

1217 1361 1521 1411 Salutatione
1541 1365 1792 1426 Anqelica.

1140 1453 1255 1505 192.
1300 1437 1474 1489 Oratio
1520 1438 1793 1491 Dominica
1832 1447 1934 1495 Pa·-

1072 1516 1164 1567 ter,
1188 1513 1241 1555 et
1264 1505 1509 1558 Salutatio
1532 1507 1774 1576 Angelica
1795 1514 1929 1571 Avo,

1069 1571 1313 1622 dicuntur
1364 1574 1553 1623 secreto
1608 1582 1725 1625 ante
1774 1576 1931 1627 Horas

1070 1639 1353 1709 quaslibet,
1409 1649 1615 1708 excepto
1654 1641 1934 1712 Completo-

1069 1710 1145 1755 rio
1160 1742 1174 1768 ,
1264 1714 1311 1755 st
1336 1704 1479 1774 cujus
1498 1707 1651 1757 finem
1670 1708 1926 1759 dicuntur.

1071 1773 1127 1821 Si
1176 1722 1308 1822 lfgra
1350 1770 1593 1840 juncatur
1630 1775 1929 1843 praecedenti

1071 1838 1251 1889 Officio
1267 1876 1280 1901 ,
1306 1854 1410 1887 non
1467 1843 1671 1889 icuntur
1687 1849 1803 1891 ante
1826 1840 1931 1909 ejus

1069 1908 1297 1955 initium.

1138 1973 1252 2038 193.
1294 1970 1509 2040 Quando
1542 1971 1717 2023 Oratio
1749 1972 1933 2025 Domi-

1068 2043 1183 2089 nica
1214 2039 1403 2090 dicitur
1432 2057 1546 2090 cum
1574 2038 1828 2103 Precibus,
1848 2039 1931 2091 di-

1067 2109 1201 2156 citur
1239 2107 1427 2157 secreto
1467 2123 1625 2176 usque
1664 2105 1731 2156 ad
1768 2109 1840 2156 Et
1869 2125 1931 2156 ne

1067 2190 1172 2232 nos,
1206 2171 1342 2242 quod
1369 2173 1471 2223 alta
1504 2188 1624 2224 voce
1660 2172 1925 2242 profertur.

1069 2237 1131 2288 Id
1163 2255 1367 2309 quoque
1400 2239 1690 2291 observatur
1723 2243 1779 2288 in
1816 2256 1930 2288 me-

1067 2303 1152 2355 dio
1169 2303 1287 2374 cuju
1304 2313 1316 2320 ⁷
1352 2323 1412 2356 ue
1434 2305 1701 2367 Nocturni,
1720 2314 1931 2420 graster-

1066 2387 1217 2440 quam
1253 2376 1317 2422 tri
1356 2389 1420 2422 uo
1450 2380 1568 2421 ante
1597 2372 1717 2421 Pasc
1758 2389 1805 2434 a,
1828 2385 1931 2440 quo

1068 2446 1289 2506 tempore
1331 2439 1480 2488 Pater
1527 2437 1718 2487 dicitur
1766 2445 1927 2487 totum

1066 2505 1272 2554 secreto.
1584 2537 1595 2548 .

1137 2570 1250 2635 ¹94·
1291 2569 1354 2618 In
1389 2569 1493 2618 fine
1532 2567 1929 2639 uniuscujusque

1068 2636 1215 2686 Horae
1228 2674 1244 2699 ,
1280 2639 1383 2685 nisi
1408 2635 1551 2694 aliud
1582 2633 1819 2686 Officium
1842 2651 1927 2686 se·-

1064 2713 1269 2773 quatur‚
1289 2702 1427 2753 dicto
1453 2702 1765 2753 submissiori
1780 2720 1922 2766 voce,

1067 2771 1311 2820 Fidelium
1322 2771 1453 2820 anim
1458 2784 1522 2830 ω,
1534 2768 1636 2822 dici
1641 2778 1722 2819 tur
1739 2771 1927 2820 secreto

1064 2838 1215 2885 Pater
1238 2845 1417 2886 nostor.

1132 2900 1246 2965 195.
1284 2901 1535 2953 Salutatio
1556 2902 1801 2972 Angelica
1823 2903 1927 2953 sola

1041 2965 1251 3017 dicitur
1286 2977 1403 3018 ante
1441 2967 1677 3018 Officium
1713 2986 1925 3038 parvum

1063 3032 1219 3083 beatae
1241 3034 1417 3084 Mariae
1439 3034 1666 3151 Viffriiginis
1680 3073 1693 3098 ,
1721 3036 1927 3106 quando

1061 3116 1166 3150 non
1179 3098 1415 3170 jungitur
1446 3100 1491 3150 Ο
1548 3105 1628 3152 cio
1650 3101 1923 3154 canonice.

1310 3207 1506 3258 aarum·
1529 3183 1665 3248 x'nr.

1093 3275 1174 3324 De
1208 3275 1422 3340 Symbolo
1453 3279 1785 3340 Apostolorum
1800 3310 1822 3335 ,
1840 3285 1892 3324 et

1209 3341 1425 3405 Symbolo
1443 3341 1784 3412 Quicumque.

1131 3431 1244 3496 196.
1304 3431 1603 3498 Symbolum
1655 3431 1930 3500 Apostolo-

1061 3514 1174 3550 rum
1190 3533 1209 3563 ‚
1242 3498 1395 3548 Credo
1424 3501 1483 3548 in
1516 3502 1709 3556 Deum,
1738 3494 1929 3545 dicitur
