2392 4050
451 211 520 261 70
813 205 956 245 mm
983 205 1170 251 onitin
1194 206 1258 244 Aa>
1282 203 1518 243 omnim:
1542 201 1864 244 uomentem.

451 289 674 362 AEgypto
691 285 998 361 3'AEthiopia
1015 291 1309 362 praeveniet
1377 289 1497 358 quis
1518 287 1707 342 similis
1728 284 1866 342 tibi?
1886 285 1913 314 ⁴*
1937 291 2138 358 potens
2158 301 2239 348 es,

450 379 645 417 manus
670 363 790 432 ejus
811 366 946 417 Deo-

1377 363 1644 421 Dominez
1698 367 1753 414 et
1800 360 1995 414 veritas
2044 366 2140 414 tua
2188 361 2246 413 in

526 438 710 506 Regna
721 443 898 500 terrae,
915 435 1309 496 cantoteDeoz*
1378 431 1605 488 circuitu
1632 442 1745 489 tuo·

450 509 656 581 psollite
678 510 936 565 Domino·

510 583 724 635 Psoliite
738 585 855 636 Deo
873 582 964 651 qui
980 581 1219 635 ascendit
1229 598 1305 634 su-

1454 511 1538 562 Tu
1558 505 1856 561 dominaris
1864 505 2122 578 potestoti
2138 521 2248 557 ma-

1378 580 1478 641 ris;
1495 581 1521 609 ¹*
1544 587 1756 634 motum
1775 587 1953 634 autem
1972 580 2247 632 fluctuum

451 654 548 725 per
561 655 758 708 coelum
771 655 928 708 coeli*
938 657 1007 710 ad
1019 655 1301 709 orientem.
1380 655 1499 723 ejus
1520 661 1581 707 tu
1604 653 1831 722 mitigas.

524 730 666 781 Ecce
687 727 835 782 dabit
848 729 968 781 voci
991 744 1099 781 suae
1119 744 1307 781 vocem

1452 729 1539 779 Tu
1570 725 1862 779 humiliasti
1890 725 2031 778 sieut
2058 725 2248 776 vulne-

452 798 687 854 virtutis:
709 801 736 828 ¹*
762 801 884 856 date
907 801 1135 870 gloriam
1167 805 1302 855 Deo,
1376 801 1584 863 ritum,
1618 798 1911 870 superbum
1930 820 1947 850 ε
1976 797 2005 824 ¹*
2030 797 2093 850 in
2127 795 2249 850 brai·

525 875 698 944 Super
744 875 906 928 Israel
965 873 1309 942 magnificen-
1380 872 1505 926 chio
1548 873 1755 926 virtutis
1798 879 1905 926 tuae
1950 870 2250 943 dispersisti

451 943 538 998 tia·
566 948 682 1016 ejus
701 985 716 1007 ,
748 946 776 975 ⁴*
805 954 857 1002 et
893 947 1058 1000 virtus
1095 949 1213 1019 ejus
1246 948 1307 1000 in

453 1018 709 1073 nubibus.

523 1090 782 1146 Mirobilis
815 1093 963 1146 Deus
1009 1090 1071 1144 in
1113 1093 1310 1146 sanctis

452 1164 590 1224 suis:
631 1169 780 1218 Deus
816 1166 975 1219 Israel
1003 1164 1116 1236 ipse
1161 1163 1310 1220 dabit

449 1237 700 1292 virtutem
714 1244 766 1291 et
776 1238 1148 1292 fortitudinem
1162 1237 1309 1310 plebi

449 1325 590 1364 suae:
621 1312 647 1340 ¹*
671 1310 990 1366 benedictus
1014 1315 1175 1365 Deus·

549 1385 686 1438 PRO
709 1388 786 1438 III
809 1387 1210 1438 NOCTURNO.

507 1468 510 1472 ’
709 1460 938 1511 PSAmus
959 1459 1046 1509 88.

575 1545 912 1582 isemcormms
947 1529 1218 1583 Domini*
1246 1529 1306 1582 in

453 1610 710 1656 aetemum
737 1602 983 1656 cantabo,

521 1678 585 1727 In
621 1672 1021 1742 generationem
1058 1680 1113 1726 et
1142 1691 1305 1744 gene-

449 1746 714 1801 rationem
740 1747 768 1776 ⁴*
799 1745 1132 1801 annuntiabo
1173 1747 1305 1802 veri·

448 1821 612 1874 totem
637 1827 785 1873 tuam
815 1821 874 1875 in
899 1836 995 1874 ore
1015 1837 1166 1874 meo:

522 1895 794 1958 Quoniam
830 1893 1035 1947 dixisti:
1059 1896 1122 1946 In
1153 1901 1303 1947 aeter-

449 1981 582 2018 num
617 1966 984 2021 misericordia
1021 1965 1303 2020 aedificazbi-

447 2046 536 2091 tur
572 2039 630 2090 in
664 2040 842 2102 coeiis,
865 2040 891 2067 ¹*
913 2038 1306 2109 praeparobitur

445 2110 637 2163 veritas
662 2117 754 2163 tua
777 2111 836 2164 in
858 2112 949 2164 eis.

515 2183 767 2253 Disposui
773 2190 1147 2238 testamentum
1161 2186 1299 2239 elec-

443 2255 512 2309 tis
531 2256 692 2316 meis;
709 2257 736 2285 ³*
749 2256 928 2325 jurz'wi
946 2257 1120 2313 David
1149 2274 1299 2312 servo

444 2344 598 2383 meox

515 2404 694 2472 Usque
722 2402 780 2455 in
809 2410 1070 2457 aeternum
1097 2413 1300 2475 praepa-

442 2473 576 2529 rfibo
612 2490 797 2529 semen
828 2484 1015 2537 tuum3
1038 2477 1065 2506 ³*
1089 2483 1141 2529 et
1176 2476 1297 2530 aedi-

440 2548 616 2604 ficobo
679 2548 738 2603 in
792 2550 1192 2619 generationem
1245 2557 1298 2604 et

440 2620 840 2691 generationem
866 2622 1048 2676 sedem
1070 2629 1235 2675 tuam.

514 2691 930 2746 Confitebuntur
971 2696 1093 2747 coeii
1128 2695 1295 2747 mira-

439 2762 570 2817 hssia
595 2770 720 2825 tua,
750 2766 1018 2825 Dominez
1040 2768 1067 2794 ⁴*
1093 2768 1291 2820 etenim

437 2836 709 2889 veritatem
761 2842 911 2890 tuam
960 2838 1015 2891 in
1073 2840 1293 2893 ecclesia

438 2909 766 2962 sanctorum.

513 2980 788 3044 Quoniam
819 2981 938 3049 quis
959 2982 1019 3034 in
1054 2980 1295 3038 nubibus

440 3050 742 3122 aequabitur
781 3054 1058 3108 Domino?
1082 3053 1108 3082 ⁴*
1149 3055 1291 3110 simi-

437 3124 501 3178 lis
523 3125 625 3179 erit
648 3129 764 3181 Deo
788 3126 848 3179 in
875 3125 1001 3180 fssiis
1026 3127 1167 3180 Dei?

508 3198 655 3251 Deus
669 3208 696 3262 ‚⁹
736 3198 831 3269 qui
867 3198 1196 3269 glorificatur
1230 3200 1289 3253 in

1377 944 1634 999 inimicos·
1650 951 1787 998 tuos.

1454 1019 1558 1072 Tui
1594 1026 1720 1072 sunt
1750 1017 1906 1078 coeli,
1948 1023 2011 1071 et'
2036 1023 2133 1070 tua
2169 1023 2249 1069 est

1378 1098 1519 1145 terra
1536 1113 1551 1142 ι
1573 1093 1597 1119 ⁴*
1623 1091 1814 1152 orbem
1842 1098 2003 1143 terrae
2034 1095 2091 1143 et
2128 1090 2243 1159 ple-

1377 1165 1681 1220 nitudinem
1706 1166 1825 1233 ejus
1848 1171 1907 1216 tu
1936 1163 2215 1222 fundasti2

1448 1237 1776 1306 Aquilonem
1793 1243 1847 1290 et
1858 1251 2013 1289 mare
2026 1243 2088 1288 tu
2102 1248 2246 1290 crea·

1377 1310 1442 1363 sti
1460 1332 1474 1361 ε
1497 1311 1522 1338 ³*
1549 1310 1771 1364 Thabor
1802 1318 1857 1363 et
1893 1313 2149 1363 Hermon
2184 1309 2245 1362 in

1376 1383 1601 1437 nomine
1626 1393 1719 1438 tuo
1745 1383 2084 1438 exultabunt.

1452 1457 1632 1509 Tuum
1661 1454 1948 1510 brachium
1978 1471 2111 1508 cum
2142 1469 2245 1525 po·

1377 1530 1571 1582 tentiaz
1588 1529 1614 1558 ⁴*
1631 1528 1878 1582 firmetur
1895 1545 2099 1582 manus
2116 1536 2214 1583 tua
2229 1564 2244 1586 ,

1376 1607 1429 1656 et
1451 1603 1709 1656 exaltetur
1732 1603 1947 1656 dextera
1968 1608 2083 1655 tua.

1444 1675 1654 1729 ,Iustitia
1696 1683 1750 1730 et
1780 1675 2058 1745 judicium
2100 1689 2248 1746 prae·

1372 1748 1583 1817 partitio
1620 1749 1757 1803 sedis
1794 1755 1929 1809 tuae;
1963 1749 1990 1777 ¹*
2028 1747 2249 1800 miseri-

1376 1820 1561 1874 cordia
1605 1830 1657 1875 et
1697 1822 1889 1876 veritas
1922 1821 2251 1894 praecedent

1374 1891 1567 1948 sociem
1595 1901 1761 1948 tuam.

1445 1987 1453 1996 ·
1528 1968 1730 2021 Divisio
1750 1970 1943 2021 PSALm
1970 1967 2062 2020 88.

1376 2001 1603 2093 Bam-us
1624 2043 1859 2113 populus
1891 2042 1988 2110 qui
2013 2040 2123 2095 scit
2147 2041 2248 2109 ju-

1371 2110 1687 2167 bilationem
1706 2138 1719 2167 ε
1737 2114 1761 2142 ⁴*
1777 2115 2044 2176 Domine,
2070 2115 2132 2166 in
2158 2114 2245 2167 11'1-

1370 2185 1520 2238 mine
1536 2189 1712 2241 vultus
1736 2188 1817 2241 tui
1847 2185 2241 2242 ambulabunt.

1443 2260 1510 2311 Et
1540 2258 1597 2311 in
1634 2261 1855 2315 nomine
1885 2269 1984 2314 tuo
2026 2260 2246 2313 exulto-

1369 2328 1509 2383 bunt
1533 2337 1643 2385 tota
1668 2334 1785 2395 die,
1802 2334 1831 2361 ³*
1849 2341 1903 2388 et
1930 2334 1989 2386 in
2020 2332 2245 2401 justitia

1372 2408 1459 2457 tua
1488 2403 1893 2466 exaltabunturg

1442 2479 1715 2541 Quoniam
1782 2478 1955 2547 gloria
2016 2477 2243 2531 virtutis

1368 2549 1555 2602 eorum
1580 2556 1640 2603 tu
1662 2568 1743 2613 es»,
1760 2552 1788 2579 ⁴*
1810 2556 1865 2605 et
1882 2552 1942 2604 in
1966 2548 2240 2622 beneplo-

1367 2622 1473 2674 cito
1522 2629 1617 2675 tuo
1670 2622 1993 2680 exaltobitur
2052 2640 2237 2677 cornu

1365 2702 1626 2750 nostrum.

1440 2769 1581 2831 Quia
1594 2770 1822 2823 Domini
1840 2776 1919 2823 est
1931 2768 2237 2839 assumptio

1363 2846 1545 2893 nostra
1558 2882 1572 2904 ,
1586 2841 1612 2871 ¹*
1634 2848 1686 2895 et
1702 2843 1883 2897 Sancti
1902 2843 2068 2896 Israel
2086 2842 2238 2911 regis

1362 2914 1549 2967 nostri.

1437 2987 1594 3038 Tunc
1619 2984 1833 3043 locotus
1856 3002 1913 3041 es
1934 2988 1994 3040 in
2016 2986 2237 3041 visione

1362 3060 1555 3113 sanctis
1584 3060 1717 3122 tuis,
1754 3068 1808 3114 et
1832 3060 2039 3113 dixisti=
2068 3060 2099 3087 ³*
2131 3060 2235 3113 Po-

1362 3130 1443 3182 sui
1481 3132 1810 3201 adjutorium
1854 3134 1913 3186 in
1962 3135 2196 3203 potente
2213 3173 2231 3194 ‚

1361 3210 1413 3255 et
1434 3204 1657 3258 exaltavi
1688 3207 1920 3259 electum
1958 3204 2031 3259 de
2062 3204 2235 3277 plebe

435 3268 670 3323 concilio
680 3273 984 3325 sanctorum
997 3272 1043 3331 ς’
1059 3287 1289 3342 magnus
1357 3290 1496 3328 mea.

433 3350 488 3395 et
524 3340 776 3397 terribilis
801 3358 960 3413 super
981 3358 1170 3399 omnes
1195 3348 1288 3415 qui

433 3417 491 3469 in
517 3414 744 3469 circuitu
765 3416 882 3485 ejus
905 3426 1043 3471 sunt.

506 3488 742 3541 Domine
788 3491 934 3541 Deus
991 3491 1246 3545 virtutum
1265 3531 1280 3554 ‚

1429 3347 1618 3401 Inveni
1719 3350 1899 3404 David
2008 3362 2233 3405 servum

1354 3435 1567 3480 meum,
1610 3420 1637 3449 ⁴*
1678 3422 1803 3476 oleo
1854 3428 2049 3476 san'cto
2099 3439 2231 3478 meo

1356 3492 1483 3545 unxi
1506 3508 1651 3545 eum.
