2392 4050
237 118 267 187 :n
746 147 989 186 munuca
1012 149 1302 186 ramnum

222 229 295 282 iios
310 229 439 283 tuos?
460 235 509 282 et
523 229 734 283 noluisti
759 254 771 283 =
798 232 821 260 ¹⁸
850 235 989 286 Ecce

1655 173 1676 194 .
1812 136 1873 186 2l

1128 233 1222 284 Ps.
1246 230 1434 286 Venite
1453 229 1598 295 ,Sino
1619 231 1806 286 Glbria
1825 155 1918 285 P?-

220 303 499 371 relinquetur
512 301 657 355 vobis
672 303 985 358 domusves-
1056 305 1157 366 ἰῆς
1190 305 1282 357 aed
1313 314 1428 375 post
1468 303 1694 356 ultimum
1721 324 1918 358 versum

216 376 469 430 mdoeerta.
488 375 623 429 Dico
636 377 784 431 enim
802 377 955 434 vobis
969 400 983 429 ι
1057 378 1288 441 Psalmi,
1308 376 1496 430 dicitur
1513 379 1540 404 ¹*
1559 377 1745 432 Venite
1758 419 1770 438 ‚
1791 379 1918 432 ado·

214 450 299 502 Non
332 463 409 501 me
461 447 699 503 videbitis
757 451 983 514 amodo,
1056 452 1240 504 remus
1265 473 1278 502 ε
1306 450 1486 505 deinde
1509 451 1759 522 repetitur
1781 453 1916 504 Invi-

210 521 343 576 donec
384 521 558 575 dicatis
602 545 615 575 =
668 525 991 579 Benedictus

208 594 277 662 qui
290 594 413 648 venit
434 596 489 648 in
506 595 723 651 nomine
742 599 981 652 Domini.

208 672 252 736 γ.
292 667 411 722 Dedi
463 669 705 722 dilectam
748 672 989 724 animam

206 755 338 794 meam
372 741 423 793 in
454 757 615 794 manu
638 744 988 799 inimicorum

203 816 289 882 ejus
324 835 335 864 :
370 812 643 869 haereditas
680 834 803 870 mea
842 819 991 874 dedit

202 893 346 940 comm
360 903 441 940 me
459 904 639 941 vocem
658 929 673 951 ‚
698 890 825 943 {deo
840 891 991 945 odivi

198 976 299 1013 eam.
324 961 345 987 ¹*
362 964 506 1015 Ecce.
531 963 579 1015 N
582 981 645 1014 on
663 961 851 1016 dicitur
868 965 992 1018 616-

198 1035 265 1086 ria.
291 1034 461 1087 March.
495 1036 579 1088 25.
612 1038 807 1090 Jerem.
844 1054 927 1090 12.

245 1107 480 1179 Hymnus,
507 1111 699 1164 Fando
718 1150 733 1172 ‚
766 1128 892 1164 2200

243 1184 292 1248 y.
312 1181 455 1235 Dixi:
478 1186 617 1236 Ecce
634 1184 817 1244 veni0‚
842 1198 904 1253 ιγ.
925 1184 993 1235 Ut

192 1251 341 1306 fficiam
364 1295 377 1314 ‚
420 1259 566 1309 Deus
590 1296 604 1319 ,
660 1257 989 1311 voluntatem

194 1333 319 1380 tuam.
346 1329 495 1383 Hebr.
536 1348 617 1384 ιο.

238 1399 310 1451 Aa
330 1403 647 1472 Magnificat.
682 1403 812 1457 Aut.
843 1405 893 1456 8.
921 1405 987 1457 G.

186 1473 429 1527 Jerusalem
447 1516 462 1538 ‚
501 1476 545 1530 si
572 1478 918 1544 cognovisses
941 1484 995 1530 et

187 1553 250 1606 ω,
266 1555 313 1600 et
326 1547 538 1616 quidem
559 1551 621 1604 in
642 1549 749 1602 hac
762 1550 850 1603 die
870 1556 960 1602 tua
975 1589 989 1611 ,

182 1633 275 1686 quae
291 1620 351 1672 ad
366 1637 552 1692 pacem
574 1622 707 1676 tibi!
730 1639 879 1675 nunc
901 1638 994 1675 au-

185 1700 267 1744 tem
284 1693 583 1752 abscondita
597 1703 727 1750 sunt
742 1695 810 1749 ab
824 1695 998 1749 ocutis

185 1765 277 1818 tuis.
304 1769 413 1825 Luc.
447 1788 531 1841 19.

234 1839 399 1894 Oratio
424 1853 475 1896 ut
505 1845 659 1916 infra*
682 1843 753 1898 ad
774 1844 989 1898 Laudes.

228 1915 989 1988 Gonznomuustuuprdmli.

230 1989 259 2050 Ἰ
273 1987 461 2043 Festum
496 1992 708 2063 Duplex
745 2001 796 2045 et
840 1993 998 2064 supra'

178 2074 405 2117 oront-rem
436 2066 469 2116 ἀ
496 2064 769 2118 Dominica
788 2066 997 2117 Palma-

178 2148 265 2209 (ατη
298 2134 359 2187 ad
390 2138 714 2191 Dominicam
756 2138 807 2190 in
843 2138 995 2191 Albis

174 2206 401 2272 andusiae,
422 2212 751 2282 transfer-tar
766 2221 880 2282 post
906 2212 999 2266 00-

174 2286 311 2333 tavam
332 2283 565 2336 Pasckoe.

222 2354 289 2405 De
339 2356 677 2426 Semiduph‘cc'
726 2366 890 2409 autem
949 2366 1000 2410 et

166 2422 362 2496 Simplici
378 2430 440 2499 fit
466 2430 893 2483 commemoratio
921 2449 997 2482 us-

167 2514 239 2563 qne
264 2502 325 2553 ad
340 2502 544 2556 Laudes
575 2502 743 2555 Ferioe
772 2503 859 2557 IV
886 2506 1001 2556 Ma-

160 2568 267 2637 jou-is
292 2573 633 2629 Hebdomadoe
664 2574 963 2643 inclusive'.]

164 2672 1001 2714 maa-affl

377 2754 756 2807 noassmca

274 2844 323 2903 P
335 2844 384 2904 A
396 2846 445 2905 L
461 2844 536 2905 M
552 2846 601 2905 A
618 2846 673 2905 R
691 2846 746 2904 U
764 2846 857 2907 M.

352 2951 776 3025 Duplex-majus.

166 3076 235 3125 An
260 3080 563 3134 OFFICIUM
592 3084 998 3135 NOCTURNUM.

222 3157 366 3214 Iuvit.
390 3160 669 3214 Christum
682 3164 888 3222 Jesum‚
905 3158 1000 3231 qui

165 3226 295 3310 dedit
325 3233 767 3307 redemptionem
814 3240 1001 3289 semet-

174 3316 327 3370 tpsum
352 3322 455 3377 pro
480 3307 756 3370 omnibus,
789 3309 816 3336 ¹*
841 3308 999 3361 'Veni-

166 3378 225 3434 2⁰‚
240 3376 536 3435 adoremus.
554 3381 834 3453 Repetitur
855 3380 1002 3435 chri-

170 3453 311 3504 ttum.
346 3471 369 3505 ι
404 3454 536 3507 Tim.
570 3472 619 3508 2.

1060 523 1322 578 tator-ium.

1130 599 1391 669 Hymnus,
1417 593 1761 667 Oppr6briis‚
1789 613 1912 667 227.

1175 671 1256 723 IN
1297 671 1328 722 Ι
1363 670 1794 724 NOCTURNO.

1205 790 1214 796 .
1359 745 1551 795 Lac'no
1577 759 1616 796 1.

1154 817 1240 869 De
1261 815 1495 869 Jeremia
1519 815 1809 887 Propheta.

1341 889 1494 960 ‘Cap.
1533 906 1614 943 11.

1067 905 1276 1042 Qun>
1317 970 1425 1024 est,
1488 963 1639 1031 quod
1691 962 1921 1016 dilectus

1061 1050 1215 1088 meus
1238 1035 1298 1086 in
1319 1034 1487 1088 domo
1514 1051 1635 1088 mea
1660 1035 1788 1089 fecit
1808 1040 1918 1090 sce-

1066 1108 1173 1161 lera
1197 1109 1370 1160 multa
1391 1109 1414 1158 ?
1435 1109 1715 1177 Numquid
1733 1125 1922 1161 carnes

1062 1187 1258 1234 sanctae
1285 1179 1532 1234 auferent
1556 1183 1586 1233 a
1613 1189 1665 1234 te
1691 1181 1922 1236 malitias

1066 1262 1185 1307 tuas
1203 1293 1217 1315 ,
1246 1253 1306 1306 in
1335 1251 1534 1321 quibus
1571 1254 1798 1322 gloriata
1826 1271 1880 1308 es
1898 1257 1924 1308 2³

1067 1327 1284 1381 OIIvam
1327 1326 1584 1389 uberem,
1631 1327 1879 1398 pulcram
1904 1370 1918 1390 ‚

1066 1399 1400 1454 fructiferam
1420 1440 1434 1461 ,
1467 1399 1759 1470 speciosam
1781 1441 1796 1463 ‚
1829 1417 1922 1453 vo-

1064 1475 1206 1529 cavit
1219 1474 1492 1527 Dominus
1501 1488 1709 1526 nomen
1729 1479 1884 1527 tuum
1905 1499 1919 1526 ε

1066 1549 1135 1602 ad
1170 1562 1362 1601 vocem
1398 1546 1628 1616 loquelae
1647 1587 1662 1609 ‚
1703 1547 1924 1616 grandis

1066 1621 1257 1675 exarsit
1287 1621 1428 1690 ignis
1459 1621 1517 1673 in
1544 1636 1607 1673 ea
1625 1659 1640 1683 ,
1681 1627 1736 1674 et
1770 1635 1920 1674 com-

1065 1693 1222 1748 busta
1263 1700 1392 1747 sunt
1427 1692 1628 1747 fruteta
1668 1695 1803 1763 ejus,
1859 1697 1926 1749 Et

1066 1768 1334 1822 Dominus
1397 1765 1726 1821 exercituum
1747 1808 1761 1831 ,
1829 1771 1922 1837 qui

1066 1841 1328 1912 plantavit
1344 1848 1415 1903 te,
1442 1840 1654 1896 locutus
1672 1849 1926 1912 estsuper

1069 1924 1120 1969 te
1155 1916 1360 1969 malum
1395 1929 1497 1986 pro
1533 1915 1690 1970 malis
1725 1913 1924 1969 domus

1068 1991 1226 2044 Israel
1266 1994 1322 2043 et
1355 1988 1553 2044 domus
1589 1989 1758 2052 suda,
1801 2005 1922 2060 quae

1070 2064 1314 2118 feceruut
1355 2063 1458 2117 sibi
1495 2064 1564 2118 ad
1600 2063 1924 2117 irritandum

1069 2153 1157 2191 me
1173 2178 1189 2200 ‚
1215 2136 1442 2192 libantes
1467 2137 1692 2192 Baalim.
1726 2140 1811 2190 Tu
1837 2154 1924 2190 au-

1068 2217 1176 2265 tem
1194 2252 1210 2273 ‚
1239 2210 1505 2273 Domine,
1541 2211 1924 2265 demonstrasti

1068 2284 1236 2345 mihi,
1258 2291 1313 2337 et
1325 2284 1558 2352 cognovi
1571 2302 1586 2344 ς
1602 2291 1734 2336 tunc
1747 2292 1924 2339 osten-

1070 2357 1193 2410 disti
1230 2355 1371 2409 mihi
1401 2356 1581 2409 studia
1605 2358 1816 2409 eorum.
1859 2360 1926 2409 Et

1069 2446 1169 2498 ego
1214 2429 1367 2497 quasi
1410 2444 1580 2497 agnus
1615 2431 1927 2482 mansuetus

1070 2502 1165 2572 qui
1213 2504 1462 2573 portatur
1505 2500 1574 2555 ad
1616 2500 1922 2562 victimam3

1070 2584 1125 2630 et
1155 2588 1274 2628 non
1310 2574 1538 2644 cognovi
1577 2574 1702 2643 quia
1729 2576 1925 2657 cogita-

1072 2652 1267 2704 verunt
1288 2664 1448 2720 super
1473 2663 1564 2701 me
1593 2647 1816 2702 consilia
1841 2650 1925 2703 di-

1070 2730 1254 2776 centes
1276 2743 1290 2773 ι
1318 2722 1597 2776 Mitt-‘imus
1631 2724 1840 2792 lignum
1865 2724 1924 2776 in

1068 2811 1272 2868 panem
1329 2796 1446 2864 ejus
1464 2836 1481 2860 ,
1539 2802 1595 2851 et
1641 2797 1925 2851 eradamus

1070 2885 1199 2923 eum
1240 2868 1308 2923 de
1339 2876 1482 2923 terra
1517 2870 1840 2933 viventium.
1871 2880 1926 2925 et

1073 2958 1278 2997 nomen
1302 2943 1422 3012 ejus
1449 2960 1563 2997 non
1589 2947 1925 2997 memoretur

1073 3016 1316 3087 amplius·
1350 3020 1436 3071 Tu
1463 3024 1662 3077 autem,
1689 3018 1925 3070 Domine

1072 3088 1325 3152 sabaoth,
1366 3092 1463 3160 qui
1497 3090 1714 3159 judicas
1743 3089 1918 3155 iuste,

1071 3168 1125 3216 et
1150 3161 1349 3233 probas
1373 3178 1528 3218 renes
1552 3169 1604 3214 et
1628 3161 1823 3222 corda,
1853 3163 1923 3215 vi-

1071 3234 1230 3289 deam
1257 3237 1522 3290 ultionem
1549 3242 1696 3288 tuam
1725 3250 1789 3287 ex
1807 3236 1918 3289 eis:

1070 3308 1171 3362 tibi
1219 3308 1367 3363 enim
1421 3308 1648 3363 revelavi
1705 3322 1922 3363 causam

1069 3397 1266 3435 meam.
1299 3382 1613 3436 Jerusalem.

1131 3467 1195 3524 ιγ.
1216 3455 1442 3509 Decima
1451 3455 1540 3511 die
1552 3454 1751 3508 mensis
1760 3453 1923 3523 hujus
