2392 4050
512 233 664 274 mm
689 233 889 278 onaan
912 235 1128 272 moon.
1161 201 1204 273 li
1231 235 1635 280 Quannmsssmffl.

1870 239 1964 291 ι77

216 313 353 368 uobis
374 314 565 368 ducem
587 356 600 377 ‚
628 321 683 368 et
704 317 1037 368 revertemur
1062 329 1073 382 1
1108 313 1270 370 Galeb
1295 316 1472 369 filium
1497 316 1740 386 Jephone
1755 356 1769 379 ‚
1799 322 1854 370 et
1875 319 1968 372 Je-

212 388 261 439 in
300 389 592 460 AEgyptum.
639 390 765 452 Quo
812 388 1031 452 auditu,

210 461 465 530 Meyseset
498 464 685 516 Aaron
724 461 1038 516 ceciderunt

208 533 345 603 proni
368 534 425 586 in
449 540 649 588 terram
671 549 856 588 coram
882 537 1036 589 omni

206 605 534 661 multitudine
568 607 809 664 filierum
852 611 1028 662 Israel.

204 683 260 732 At
287 682 405 732 vero
441 682 607 734 Jesue
632 681 779 734 filius
800 683 921 736 Nun
940 723 952 745 ‚
982 689 1039 739 et

206 751 345 806 caleb
366 751 517 808 filius
544 751 795 824 Jephone
814 793 829 818 ,
861 757 953 826 qui
985 762 1039 808 et

200 824 284 896 ipsi
306 825 655 880 lustraverant
675 835 875 882 terram
895 869 909 891 ‚
935 828 1034 881 sci-

198 897 369 952 derunt
386 901 713 954 vestimenta
734 917 830 956 sua
845 941 859 964 ,
888 909 945 956 et
962 901 1033 955 ad

198 986 393 1026 omnem
433 973 851 1028 multitudinem
893 974 1029 1029 filie-

196 1059 295 1097 rum
316 1047 477 1101 lsrael
500 1047 678 1101 locfiti
694 1055 846 1102 sunt:
868 1051 1035 1102 Terra

194 1131 335 1186 qnam
360 1119 745 1183 circuivimuS,
768 1119 920 1174 valde
943 1121 1035 1175 bo·

194 1206 250 1245 na
292 1197 381 1244 est.
434 1194 495 1247 Si
552 1193 826 1264 propitius
874 1194 1036 1248 inierit

192 1263 439 1320 Deminus
472 1307 487 1328 ,
550 1266 781 1320 indiicet
826 1283 927 1322 nos
974 1268 1033 1321 in

190 1351 289 1388 eam
310 1379 323 1400 ‚
352 1346 406 1391 et
432 1339 618 1394 tradet
639 1338 871 1394 humum
896 1343 1034 1399 lacte

190 1415 233 1460 et
264 1412 418 1468 melle
466 1421 810 1466 manantem.
860 1413 1031 1468 Nolite

190 1479 390 1538 rebelles
440 1501 556 1540 esse
610 1493 803 1539 contra
848 1488 1032 1542 Demi-

190 1571 335 1621 num,
366 1575 555 1630 neque
594 1560 827 1614 timeatis
863 1563 1032 1634 pepu-

190 1628 284 1682 lum
308 1639 470 1686 terrae
514 1632 711 1702 hujus;
742 1632 869 1702 quia
890 1635 1032 1688 sicut

187 1716 362 1770 panem
404 1705 486 1758 ita
510 1721 605 1759 eos
616 1707 911 1782 pessumus
938 1707 1030 1761 de-

189 1779 351 1831 vorere
375 1799 390 1830 ε
414 1779 639 1834 recessit
670 1777 741 1832 ab
766 1781 842 1834 eis
866 1797 1033 1835 omne

188 1851 487 1916 praesidium
512 1874 524 1904 ε
554 1853 825 1908 Βόηιίιιιιε
850 1853 1031 1908 nobis·

186 1936 293 1976 cum
356 1931 437 1980 est
458 1965 475 1988 ,
536 1924 709 1980 nolite
768 1928 1023 1984 metuere.

188 1997 417 2078 qumque
430 1999 691 2053 clamaret
704 2001 883 2058 omnis
893 2001 1029 2057 mul·

186 2070 361 2136 muido,
392 2080 449 2127 et
467 2072 737 2145 lapidibus
756 2090 849 2129 eos
865 2076 1033 2129 ‘vellet

185 2144 475 2214 opprimere
493 2186 507 2208 ‚
559 2147 808 2219 apparuit
856 2149 1031 2217 gleria

184 2216 391 2273 Demini
409 2234 573 2290 super
586 2226 791 2289 tectum
810 2220 1030 2277 foederis

185 2294 378 2347 cunctis
399 2291 538 2347 ffliis
564 2294 745 2348 Israel.

412 2369 606 2419 Laeuo
631 2382 691 2419 11.

184 2394 539 2499 Loco-tusone
564 2446 643 2493 est
658 2439 936 2494 Deminus
959 2440 1028 2498 ad

184 2508 384 2579 Moysen
432 2520 487 2565 et
530 2514 747 2574 Aaron.
794 2510 1022 2567 dicens:

188 2582 459 2654 Usquequo
478 2584 778 2639 multitudo
786 2585 904 2638 haec
916 2586 1027 2656 pes-

188 2654 307 2709 sima
338 2659 655 2712 murmurat
684 2664 873 2713 contra
896 2660 1027 2713 me?

192 2730 437 2791 Quen-elas
470 2730 712 2785 filierum
744 2732 904 2785 Israel
934 2748 1026 2785 au-

188 2799 297 2858 divi.
356 2804 467 2859 Dic
522 2820 650 2872 ergo
700 2806 778 2861 eis
825 2828 838 2857 ε
885 2805 1015 2859 Vivo

188 2886 299 2941 ego,
328 2877 401 2931 ait
438 2878 747 2941 D6minus;
778 2877 915 2934 sicut
943 2878 1024 2929 lo-

190 2948 285 3000 etiti
314 2950 468 3012 estis,
512 2950 767 3005 audiente
790 2966 879 3004 me
897 2990 911 3013 ‚
952 2950 1029 3005 sic

192 3018 365 3075 ficiam
406 3020 588 3075 vobis·
634 3026 698 3077 In
734 3024 1027 3079 solitudine

192 3089 277 3145 hac
288 3094 547 3163 jacebunt
560 3096 821 3151 cadavera
834 3102 1021 3149 vestra.

194 3166 381 3222 Omnes
416 3168 517 3239 qui
548 3170 818 3223 numerati
856 3169 977 3221 estis
999 3170 1030 3222 a

192 3238 359 3308 viginti
420 3242 581 3295 annis
642 3249 697 3297 et
751 3244 937 3313 supra,
978 3249 1029 3295 et

193 3314 549 3369 murmurastis
570 3322 765 3368 contra
788 3331 897 3378 me,
913 3330 1029 3367 non

194 3381 442 3443 inu-fibinis
459 3395 661 3441 terram
682 3401 841 3457 super
864 3400 1029 3457 quam
1053 3416 1055 3423 ·

194 3455 342 3511 levavi
364 3476 589 3515 manum
615 3476 793 3514 meam
811 3500 827 3523 ,
858 3468 919 3515 ut
941 3459 1033 3512 ha-

1104 405 1199 444 sue
1247 388 1428 443 filium
1467 391 1606 443 Nun.
1651 390 1676 418 ¹*
1708 387 1966 444 Parvulos

1106 471 1287 517 autem
1313 470 1514 516 vestros
1530 504 1544 526 ,
1573 463 1642 516 de
1662 459 1858 532 quibus
1883 462 1963 518 di-

1106 536 1252 589 xistis
1293 534 1443 607 quod
1477 536 1678 608 praedae
1721 535 1964 592 hostibus

1107 609 1323 669 forent,
1369 609 1747 669 introducam,
1797 618 1858 666 ut
1881 610 1958 664 vi-

1107 682 1272 736 deant
1294 688 1494 734 terram
1522 697 1643 751 quae
1667 681 1822 736 vobis
1849 683 1955 738 dis·

1106 754 1314 824 plicuit.
1370 757 1554 808 Vestra
1599 755 1854 810 cadevera
1881 757 1962 826 ja-

1106 827 1312 881 cebunt
1378 827 1436 880 in
1481 827 1790 882 solitudine.
1839 829 1959 883 Filii

1107 903 1263 956 vestri
1305 908 1464 954 erunt
1496 901 1618 972 vagi
1649 902 1711 955 in
1753 902 1979 956 deserto-

1105 975 1263 1027 anuis
1288 973 1646 1043 quadraginta
1663 1015 1677 1037 ‚
1702 981 1758 1028 et
1778 980 1960 1046 porta-

1103 1047 1245 1101 bunt
1269 1047 1686 1102 fornicationem
1706 1057 1930 1102 vestram
1943 1091 1957 1111 ‚

1103 1121 1284 1176 donec
1310 1127 1704 1174 consumantur
1729 1121 1950 1176 cadave-

1104 1211 1163 1248 ra
1188 1201 1408 1264 patrum
1434 1194 1494 1246 in
1532 1194 1772 1256 desert0‚
1800 1195 1959 1263 juxta

1104 1268 1400 1322 numerum
1447 1266 1800 1336 quadraginta
1842 1267 1955 1322 die·

1102 1356 1228 1394 rum
1245 1380 1258 1402 ‚
1319 1338 1517 1409 quibus
1589 1339 1961 1394 considerastis

1107 1421 1303 1467 terram
1341 1433 1354 1464 ε
1403 1427 1575 1466 annus
1599 1428 1698 1483 pro
1731 1410 1818 1468 die
1846 1414 1947 1466 im-

1102 1483 1401 1560 putabitur.

1383 1562 1574 1612 Lac-no
1601 1576 1682 1614 ιιι.
1844 1611 1848 1615 .

1101 1633 1284 1688 Lectio
1297 1647 1424 1686 sanc
1430 1633 1466 1686 ti
1482 1633 1754 1702 Evangelii
1767 1649 1948 1688 secun-

1184 1707 1317 1762 dum
1343 1706 1678 1762 Matthaeum.
1713 1707 1773 1761 G.
1809 1725 1895 1762 20.

1104 1741 1177 1832 In
1214 1780 1306 1833 illo
1341 1783 1614 1850 tempore3
1652 1781 1958 1836 Ascendens

1100 1856 1251 1906 Jesus
1291 1853 1710 1922 Jeroselymam,
1753 1869 1958 1909 assum-

1100 1927 1208 1998 psit
1229 1925 1519 1979 duedecim
1557 1925 1849 1998 discipulos
1873 1944 1952 1982 se-

1101 2001 1277 2062 creto,
1323 2005 1380 2053 et
1413 2000 1486 2054 ait
1521 1998 1628 2055 illis
1661 2020 1673 2051 ε
1701 2001 1842 2055 Ecce
1875 2017 1954 2056 as-

1101 2073 1382 2128 cendimus
1423 2076 1848 2145 Jeroselymam,
1903 2082 1957 2129 et

1100 2146 1265 2201 Filius
1291 2146 1530 2201 heminis
1553 2149 1792 2202 tradetur
1809 2146 1955 2221 prin-

1100 2219 1310 2293 cipibus
1332 2220 1682 2274 Sacerddtum
1701 2262 1716 2284 ,
1739 2229 1793 2275 et
1817 2222 1958 2275 Scri-

1095 2292 1213 2355 bis3
1250 2300 1306 2346 et
1339 2292 1790 2349 condemnabunt
1826 2306 1952 2349 eum

1098 2372 1292 2419 morte.
1325 2368 1394 2419 Et
1417 2367 1644 2437 reliqua.
1948 2409 1955 2418 ,

1133 2438 1372 2493 Homilia
1416 2436 1586 2490 sancti
1628 2438 1916 2507 Augustini

1389 2510 1658 2583 Episcopi.
1897 2564 1902 2569 ,
2002 2554 2013 2564 .

1194 2584 1257 2638 In
1286 2584 1479 2636 Psalm.
1521 2585 1639 2637 126.
1671 2602 1720 2635 n.
1757 2584 1816 2647 4,
1847 2584 1900 2637 5.

1101 2620 1271 2709 Fun
1293 2655 1533 2709 Zebedaei
1554 2662 1844 2725 antequam
1858 2652 1954 2709 hu-

1099 2730 1442 2783 miliarentur
1483 2729 1784 2785 seeundum
1833 2745 1953 2801 pas—

1098 2803 1304 2858 sienem
1361 2804 1588 2857 Domini
1611 2842 1626 2867 ,
1676 2805 1794 2873 jam
1849 2801 1954 2857 sibi

1098 2877 1218 2932 loca
1241 2875 1528 2944 eligebant,
1553 2876 1650 2933 ubi
1677 2876 1950 2939 sederent,

1100 2964 1239 3003 unus
1257 2948 1326 3002 ad
1341 2949 1631 3012 dexteram,
1653 2951 1786 3004 alter
1803 2949 1872 3003 ad
1891 2949 1952 3003 si-

1099 3023 1339 3079 nistram.
1371 3024 1655 3079 Revocavit
1687 3022 1811 3077 illos
1841 3023 1951 3078 Do-

1096 3096 1278 3149 minus
1298 3094 1366 3147 ad
1393 3095 1753 3152 humilitatem
1771 3136 1786 3158 ,
1824 3092 1949 3147 cum

1100 3167 1207 3223 hoc
1231 3166 1470 3232 audiret,
1507 3176 1563 3223 et
1585 3170 1659 3222 ait
1682 3168 1786 3221 illis
1809 3188 1822 3219 ε
1845 3170 1974 3223 Ρο-.

1101 3242 1243 3295 testis
1283 3238 1474 3295 bibere
1516 3243 1738 3295 calicem
1787 3254 1951 3309 quem

1100 3328 1198 3382 ego
1237 3311 1505 3367 bibiturus
1530 3317 1686 3367 sum?
1717 3312 1953 3366 Exalteri

1100 3386 1288 3449 vultis,
1314 3388 1601 3456 antequam
1629 3386 1953 3439 humiliemi-
1979 3410 1987 3417 ·

1098 3458 1195 3513 ni?
1223 3459 1492 3513 Deminus
1511 3459 1622 3530 ipse
1639 3466 1836 3517 vester,
1859 3458 1952 3523 qui
2003 3498 2020 3511 .
2047 3498 2064 3521 .

196 3525 349 3587 bitere
387 3544 481 3587 vos
520 3532 788 3597 facerem,
831 3540 1035 3605 prater
1104 3538 1181 3587 est
1207 3529 1300 3584 lux
1319 3537 1522 3594 vestra,
1545 3528 1857 3585 humili-'itus
1875 3534 1954 3582 est
