2392 4050
422 161 486 223 42

981 177 1126 214 mn
1151 177 1337 214 mna
1362 175 1425 212 Ab
1450 173 1645 212 munus.

420 255 558 310 ceris
598 253 790 310 nobis?
829 257 855 284 ⁴*
895 265 988 311 aut
1027 258 1277 312 extendes
1350 259 1379 309 {1
1406 256 1543 309 facie
1561 253 1859 314 Dominh*
1886 255 1916 307 ἒι
1942 253 2083 308 facie
2102 254 2218 310 Do-

420 330 558 384 iram
588 336 737 384 tuam
773 331 803 382 a
835 332 1180 398 generatione
1217 333 1275 385 in

419 403 858 474 generationem?

491 477 668 540 Deus,
708 483 766 528 tu
796 491 1081 530 conversus
1107 475 1275 530 vivifi·

421 547 570 602 cabis
584 563 687 602 nos
705 573 719 609 ς
737 553 760 576 ’
781 557 834 604 et
857 547 1010 620 plebs
1029 557 1121 604 tua
1139 551 1276 604 laeta-

419 621 569 678 bitur
589 623 651 674 in
675 628 744 675 te.

499 693 737 748 Ostende
769 693 932 748 nohis
949 734 966 758 ,
1009 696 1274 760 Domine,

421 766 846 822 misericordiam
872 775 1021 821 tuam
1036 810 1051 832 ,
1075 769 1102 798 ⁴*
1123 777 1180 823 et
1206 787 1277 824 sa-

419 842 591 896 lutare
615 849 770 896 tuum
797 841 866 895 da
888 841 1065 895 nobis.

489 914 727 968 Audiam
767 913 904 982 quid
938 915 1193 984 loquatur
1218 915 1277 968 in

422 1001 512 1038 me
522 986 792 1040 Dominus
800 990 966 1048 Densa
982 987 1005 1008 ¹
1019 989 1278 1057 quoniam

420 1060 672 1128 loquetur
723 1076 912 1132 pacem
956 1060 1016 1114 in
1061 1061 1277 1133 plebem

419 1146 598 1192 Suamz

492 1207 561 1258 Et
589 1219 748 1276 super
769 1212 984 1259 sanctos
1007 1221 1160 1266 suos;
1175 1207 1203 1234 ¹*
1228 1214 1281 1260 et

413 1277 477 1330 in
518 1293 614 1332 eos
649 1279 746 1348 qui
785 1286 1176 1334 convertuntur
1210 1280 1280 1335 ad

422 1365 534 1406 cor.

490 1424 872 1478 Verumtamen
889 1437 1062 1496 prope
1087 1425 1277 1480 timen-

420 1504 496 1550 tes
525 1512 649 1549 eum
685 1496 912 1550 salutate
946 1497 1142 1567 ipsius:
1169 1500 1196 1526 ³*
1220 1508 1279 1552 ut

418 1567 686 1622 inhabitet
717 1569 890 1638 gloria
917 1569 978 1622 in
998 1577 1140 1625 terra
1157 1589 1275 1625 nos-

421 1647 521 1696 tra.
1161 1685 1170 1692 .

490 1712 859 1768 Misericordia
884 1720 939 1768 et
961 1716 1154 1770 veritas
1177 1715 1276 1770 ob-

419 1784 695 1840 viaverunt
736 1785 839 1841 sibi
869 1809 884 1839 ε
925 1787 952 1815 ⁴*
983 1789 1190 1859 justitia
1227 1797 1279 1844 et

419 1875 524 1930 pax
544 1859 793 1914 oseulatae
813 1867 954 1914 sunt.

491 1932 694 1985 Veritas
718 1931 784 1986 de
809 1941 951 1986 terra
967 1941 1085 1987 orta
1107 1941 1185 1986 est
1202 1975 1217 1990 .
1254 1939 1273 1962 '¹

421 2011 474 2057 et
493 2003 697 2072 justitia
720 2005 786 2059 de
805 2007 946 2059 coelo
980 2007 1268 2078 prospexit.

489 2078 708 2129 Etenim
724 2078 991 2133 Dominus
1015 2078 1166 2134 dabit
1186 2079 1277 2134 be-

418 2146 771 2217 nignitatemz
793 2150 822 2177 ⁴*
845 2158 899 2203 et
923 2159 1068 2205 terra
1091 2160 1275 2207 nostra

421 2219 570 2274 dabit
594 2223 831 2275 fructum
845 2240 1029 2285 suum.

491 2295 702 2349 Justltia
729 2304 851 2349 ante
874 2313 1001 2351 eum
1032 2296 1272 2351 ambula-

416 2363 526 2430 bit,
552 2371 573 2394 *
598 2376 652 2424 et
675 2378 843 2440 ponet
867 2370 926 2423 in
959 2371 1042 2424 via
1067 2386 1275 2441 gressus

417 2454 557 2493 suos.

661 2515 892 2567 Pennus
915 2516 1005 2585 96.

420 2545 695 2642 Donamus
741 2589 1026 2657 regn-‘witz
1079 2589 1277 2641 exultet

419 2665 560 2711 terra
577 2681 591 2719 ς
609 2662 633 2685 *
659 2661 908 2713 laetcntur
925 2660 1113 2715 insulae
1140 2663 1276 2717 mul-

417 2735 503 2782 tae.
1157 2778 1164 2781 .

492 2800 670 2855 Nubes
695 2808 750 2855 et
771 2802 948 2873 caligo
967 2803 1024 2857 in
1045 2804 1276 2859 circuitu

420 2875 538 2943 ejus
556 2896 569 2932 ;
612 2874 638 2900 *
670 2874 878 2943 ,iustitia
911 2882 972 2927 et
1003 2877 1273 2946 judicium

419 2946 680 3000 correctio
701 2946 837 3000 sedis
860 2949 992 3017 ejus.

479 3017 626 3087 Ignis
639 3026 759 3073 ante
773 3020 946 3091 ipsum
959 3021 1276 3093 praecedet)

420 3096 472 3144 ct
485 3090 845 3147 inflammAbit
863 3094 920 3149 in
935 3095 1164 3149 circuitu
1177 3096 1274 3149 ini·

417 3163 588 3217 micos
608 3166 740 3234 ejus,

478 3238 773 3293 llluxerunt
787 3238 1006 3311 folgura
1022 3243 1138 3311 ejus
1149 3240 1273 3294 orbi

414 3316 573 3373 terrae
601 3332 614 3362 ι
643 3311 667 3337 ²*
707 3312 866 3376 vidit,
916 3320 972 3367 et
1002 3316 1274 3369 commota

413 3390 491 3435 est
519 3390 674 3437 terra.

487 3458 696 3513 Montes
717 3455 850 3513 sicut
861 3474 984 3515 cera
1003 3459 1273 3516 fluxorunt

1347 329 1483 383 mini
1504 328 1683 382 omnis
1704 333 1860 381 terra.

1420 398 1889 456 Annuntiavorunt
1913 399 2040 454 coeli
2054 399 2213 470 justi·

1348 475 1478 528 tiam
1506 476 1651 544 ejusz
1682 475 1705 496 *
1740 479 1795 527 et
1816 473 2066 528 viderunt
2088 491 2213 528 om-

1349 565 1445 602 nes
1466 548 1655 620 populi
1678 545 1905 616 gloriam
1933 548 2071 616 ejus.

1424 619 1839 674 Confundantui·
1876 635 2073 672 omnes
2116 618 2217 689 qui

1351 692 1580 748 adorant
1618 692 1909 765 sculptilia,
1957 693 1985 720 ¹*
2026 699 2080 746 et
2116 690 2217 762 qui

1350 767 1654 836 gloriantur
1670 767 1728 820 in
1756 764 2059 822 simulacris
2076 766 2209 819 suis.

1424 842 1659 895 Adorate
1676 855 1825 902 eum,
1852 839 1881 866 ⁸*
1896 854 2089 892 omnes
2104 843 2216 893 An·

1350 913 1457 982 geli
1484 914 1531 982 ej
1540 927 1619 966 us.

1422 986 1661 1047 Audivit‚
1674 992 1729 1038 et
1741 985 1920 1038 laetzita
1932 990 2011 1038 est
2022 982 2162 1038 Sion
2170 985 2215 1045 ς’

1350 1066 1403 1112 et
1457 1061 1826 1112 exultaverunt
1869 1055 1996 1111 filiae
2052 1057 2214 1110 Judae

1348 1138 1569 1204 propter
1583 1130 1793 1202 judicia
1810 1136 1922 1190 tua,
1944 1130 2209 1184 Domine.

1424 1207 1700 1270 Quoniam
1710 1212 1769 1259 tu
1788 1205 2060 1258 Dominus
2074 1202 2219 1256 altis·

1350 1277 1520 1332 simus
1539 1294 1697 1349 super
1715 1293 1936 1331 omnem
1956 1285 2163 1330 terram
2172 1281 2216 1334 z*

1350 1351 1513 1405 nimis
1537 1352 1793 1406 exaltatus
1816 1366 1872 1404 es
1902 1366 2068 1422 super
2091 1365 2214 1404 om-

1350 1440 1445 1478 nes
1468 1423 1614 1477 deos·

1428 1497 1537 1562 Qui
1601 1494 1819 1565 diligitis
1867 1494 2174 1549 Dominum
2194 1537 2207 1558 ‚

1351 1569 1497 1624 odite
1516 1570 1720 1622 malum
1746 1589 1761 1619 ι
1782 1568 1810 1595 ¹*
1835 1568 2067 1622 custodit
2094 1569 2213 1622 Do-

1352 1643 1535 1696 minus
1548 1643 1755 1696 animas
1768 1643 2076 1696 sanctorum
2092 1643 2214 1694 suo-

1352 1731 1506 1772 rumz
1540 1715 1605 1769 de
1630 1732 1799 1769 manu
1822 1715 2121 1788 peccatoris
2146 1714 2211 1769 li-

1350 1787 1562 1842 berabit
1580 1803 1687 1842 eos.

1421 1864 1537 1914 Lux
1560 1869 1681 1916 orta
1700 1866 1781 1912 est
1799 1860 1997 1928 just0‚¹*
2023 1867 2077 1915 et
2092 1875 2211 1914 rec·

1353 1932 1421 1986 tis
1446 1932 1609 1988 corde
1632 1932 1836 1988 laetitia.

1419 2006 1725 2068 Laetomini‚
1744 2005 1910 2075 justi,
1940 2004 1999 2063 in
2022 2004 2213 2061 Domi-

1350 2096 1452 2143 n0,
1482 2082 1503 2103 ·
1537 2087 1591 2135 et
1626 2078 1963 2133 confitemini
1997 2081 2210 2134 memo-

1351 2153 1443 2207 riae
1462 2151 1896 2207 sanctificationis
1919 2153 2052 2221 ejus·

1513 2226 1579 2279 In
1604 2224 2033 2298 Quadragesima.

1449 2300 1713 2351 Caunum:
1732 2301 1979 2351 Emeum.
2000 2298 2078 2351 Is.
2114 2298 2203 2351 58.

1349 2330 1492 2423 an
1510 2371 1618 2426 dixi
1636 2393 1649 2423 ι
1670 2374 1731 2423 In
1748 2370 1975 2425 dimidio
1991 2370 2211 2425 dierum

1348 2443 1593 2497 meorum
1611 2443 1805 2497 vadam
1833 2443 1902 2497 ad
1922 2449 2109 2515 portas
2129 2443 2211 2497 in-

1349 2515 1448 2567 seri
1474 2538 1487 2569 ε
1510 2516 1535 2543 ⁴*
1560 2515 1779 2587 quaesivi
1803 2516 2081 2571 residuum
2110 2533 2208 2570 an-

1348 2588 1546 2643 norum
1572 2590 1839 2643 meorum.

1417 2662 1541 2714 Dixi
1572 2684 1585 2713 2
1614 2665 1734 2715 Non
1776 2661 1971 2715 videbo
2006 2663 2205 2715 Domi-

1345 2750 1481 2787 num
1519 2738 1696 2788 Deum
1740 2734 1799 2787 in
1841 2742 1983 2789 terra
2019 2736 2203 2789 vivon·

1349 2806 1484 2860 tium
1514 2828 1527 2857 ε
1550 2807 1575 2832 ⁴*
1600 2823 1713 2861 non
1742 2806 1997 2877 aspiciam
2022 2807 2205 2861 homi-

1346 2880 1471 2932 nem
1517 2880 1659 2934 ultra
1675 2921 1688 2944 2
1738 2887 1793 2933 et
1838 2879 2203 2935 habitatorem

1348 2952 1557 3021 quietis.

1420 3024 1703 3079 Generatio
1730 3041 1851 3079 mea
1879 3023 2061 3079 ablata
2094 3034 2205 3089 est,

1345 3105 1399 3150 et
1423 3099 1710 3151 convoluta
1733 3104 1809 3151 est
1830 3100 1861 3151 a
1880 3114 1992 3161 me,
2007 3099 2034 3126 Τ
2048 3099 2210 3168 quasi

1344 3169 1753 3223 tabernaculum
1788 3172 2087 3241 pastorum.

1414 3244 1529 3295 Prae
1535 3243 1640 3296 cisa
1652 3244 1908 3306 est‚⁴velut
1920 3245 1951 3297 a
1962 3250 2203 3308 texente,

1344 3314 1449 3368 vita
1462 3332 1582 3369 mea
1598 3338 1611 3367 ι
1626 3315 1758 3369 dum
1776 3315 1955 3372 adhuc
1968 3316 2203 3381 ordirer,

1344 3387 1569 3443 succidit
1588 3406 1703 3443 me:
1722 3389 1748 3415 *
1762 3388 1829 3442 de
1850 3405 2011 3443 mane
2029 3404 2205 3459 usque

1345 3461 1415 3515 ad
1440 3464 1713 3535 vesperam
1740 3461 1899 3517 finies
1923 3476 2028 3519 me.
