2392 4050
632 242 854 282 RUBRIGAE
879 245 943 281 1213
968 244 1130 282 Fusus
1154 245 1219 283 SS.
1250 244 1614 282 PATnomonuu.

243 322 355 374 dem
377 323 472 377 fiet
486 327 592 375 ritu
608 361 622 387 ,
644 328 815 394 quoin
871 323 1115 375 arochiali

243 392 453 442 ecc-lesia
472 429 487 453 ,
510 390 598 441 sed
614 390 800 461 absque
865 401 1029 443 ctava.

316 459 435 507 [laec
453 467 624 507 autem
643 456 777 507 dicta
799 466 953 508 sunto
968 457 1030 508 de
1047 458 1115 509 il-

243 525 304 573 lis
336 524 541 574 tantum
569 524 728 574 Festis
745 562 759 586 ,
777 541 994 594 quorum
1014 525 1112 575 Of-

245 593 417 641 ficium
440 591 469 640 a
492 590 639 641 Clero
669 590 990 641 ecclesiarum
1027 609 1113 643 re-

242 662 447 719 citatur,
489 674 597 707 non
635 658 754 708 vero
788 656 853 706 de
898 658 1112 709 Patrono

241 722 457 804 alicujus
523 722 962 775 Confraternitatis
983 762 997 785 ,
1047 724 1109 776 de

241 809 339 859 quo
355 794 421 840 ht
449 789 652 839 tantum
670 794 727 839 in
745 788 910 840 Choro
924 827 938 853 ,
961 788 1107 860 juxta

242 858 438 925 regulas
454 860 513 907 in
540 856 736 907 Missali
762 860 979 925 positas,
1002 858 1108 908 Ru-

243 924 494 973 bricatum
532 923 843 991 generalium
879 934 1008 991 part.
1046 940 1066 973 1
1089 962 1103 987 ,

241 1007 346 1057 cap.
392 1006 442 1051 ι,
481 998 578 1039 art.
615 989 674 1051 5,
707 991 738 1057 ᾗ
773 1006 837 1055 2,
869 1006 923 1039 n.
964 991 1024 1056 14
1056 1000 1107 1041 et

242 1074 287 1105 se
331 1093 342 1105 .

289 1074 558 1173 ffiraeterea
575 1120 638 1171 de
656 1120 851 1173 Officiis
871 1122 1108 1175 Patrono-

241 1207 346 1238 rum
391 1206 466 1238 cae
511 1188 842 1241 observentur
888 1190 1099 1259 regulae,

239 1275 348 1325 quoe
362 1254 549 1306 iisdem
567 1258 622 1304 in
638 1254 893 1318 Rubi-icis,
906 1273 961 1305 ca
1002 1274 1099 1320 .1n,

239 1339 289 1371 n.
313 1338 340 1387 7
363 1323 503 1383 ct8,
526 1324 867 1389 positaesunt,
890 1321 953 1371 de
1032 1326 1104 1373 is-

239 1392 303 1438 sis
324 1388 532 1437 illorum
564 1391 780 1456 propriis
797 1406 810 1451 3
834 1388 1098 1451 videlicet,

242 1459 293 1504 in
314 1454 547 1505 ecclesiis
576 1452 670 1503 ubi
695 1454 867 1520 Officia
897 1455 1101 1505 Patroni

241 1521 482 1582 titulariS‚
494 1520 578 1571 vel
586 1522 814 1635 grimarii
825 1556 839 1581 ‚
853 1520 937 1571 vel
948 1525 1098 1571 ctiam

240 1586 557 1647 secundarii,
625 1585 848 1650 abentur·
860 1591 1097 1653 propria,

243 1654 268 1702 a
293 1653 359 1702 D.
384 1652 714 1722 Archiepisco
807 1652 1097 1721 approbata,

239 1731 386 1789 atque
414 1718 596 1770 iisdem
624 1736 709 1770 ecc
733 1722 851 1769 csiis
883 1717 1094 1782 tradita3

240 1786 324 1835 illa
346 1790 402 1836 in
439 1785 602 1836 Choro
620 1785 973 1847 decantentur,
995 1795 1046 1836 et
1070 1785 1099 1835 a

243 1852 379 1902 Clero
428 1851 673 1922 cujusque
707 1850 931 1902 ecclesiae
964 1855 1099 1903 reci-

242 1927 426 1981 tentur,
451 1923 582 1969 sicut
610 1928 762 1969 antea
794 1916 982 1968 factum
1003 1928 1093 1969 cst.

242 1984 336 2036 Sed
357 1984 421 2036 de
443 1983 689 2055 ejusmodi
720 1982 940 2048 Officiis,
960 1985 1097 2056 quod

1966 230 2033 282 55

1183 324 1375 375 dudum
1393 334 1691 395 praeceptum
1716 323 1834 385 fuit,
1856 324 1923 375 D.
1948 326 2041 375 Ar-

1183 391 1529 461 chieniscopus
1566 391 1679 441 vult
1717 408 1909 459 semper
1946 409 2039 441 cu-

1183 458 1387 521 stodiri3
1423 458 1477 509 id
1513 467 1615 520 est,
1648 461 1691 508 si
1724 458 2035 509 Breviarium

1181 524 1366 575 habeat
1412 524 1609 595 aliquid
1649 523 1827 575 iisdem
1879 524 2039 575 Festis

1212 595 1433 661 roprium
1452 629 1466 654 ,
1508 609 1558 642 v.
1599 609 1646 660 g.
1680 589 1999 660 Antiphonas
2021 630 2035 653 ,

1179 610 1442 709 {actiones
1457 694 1472 721 ,
1527 658 1783 725 Hymnos‚
1830 658 2037 708 Oratio-

1177 742 1293 776 nem
1315 762 1329 787 ,
1362 724 1493 774 illud
1533 728 1744 776 omnino
1780 734 2032 786 servetur,

1176 809 1274 841 nec
1290 795 1550 842 immutari
1569 785 1719 843 habat
1746 794 1804 840 in
1822 795 2036 861 propriis

1178 857 1388 910 Officiis,
1422 858 1535 925 Qua
1564 858 1772 929 quidem
1803 861 2033 927 praesenti

1175 928 1505 994 praeceptione
1526 934 1767 976 revocatae
1790 941 2036 975 censean-

1176 1001 1277 1053 tur,
1310 995 1353 1041 si
1420 1009 1495 1041 uae
1519 989 1764 1041 hactenus
1792 1008 2033 1041 concessae

1174 1067 1324 1116 sunt,
1420 1058 1664 1108 fficiorum
1720 1062 2029 1128 propriorum

1171 1123 1581 1192 approbationes»,
1619 1142 1732 1193 quae
1776 1141 1889 1174 cum
1938 1122 2032 1174 hac

1171 1206 1224 1240 re
1293 1189 1342 1239 la
1392 1207 1496 1241 non
1553 1189 1873 1241 concordent.
1920 1190 2033 1241 Imo

1172 1207 1327 1307 nffiae
1334 1254 1437 1324 jam
1456 1256 1774 1307 declarantur
1784 1273 1840 1306 ac
1855 1261 1889 1306 i1
1900 1260 2029 1319 ritoe,

1173 1325 1218 1371 si
1247 1326 1437 1392 quaein
1464 1331 1715 1391 posterum
1740 1322 2033 1390 subripian-

1172 1397 1257 1438 tur
1290 1387 1354 1437 ab
1385 1388 1480 1439 hac
1513 1406 1565 1439 re
1598 1389 1682 1439 ula
1714 1388 2027 1451 recedente-,5

1172 1472 1345 1525 eaeque
1381 1473 1471 1524 pro
1517 1473 1573 1505 su
1610 1458 1829 1524 reptitiis
1862 1473 2033 1506 omnes

1170 1520 1514 1583 habebuntur,
1548 1524 1605 1571 in
1644 1521 1830 1591 quibus
1862 1522 2029 1591 regula

1170 1586 1279 1639 haec
1308 1588 1582 1664 violabitur
1608 1588 1796 1658 absque
1826 1589 2037 1660 speciali*

1170 1664 1222 1705 et
1257 1671 1481 1724 expressa
1530 1672 1638 1723 ejus
1676 1658 1932 1705 mentione
1978 1665 2030 1705 et

1169 1725 1479 1791 exceptione.

1237 1802 1287 1852 7.
1309 1787 1513 1838 Dicitur
1529 1791 1586 1837 in
1612 1789 1873 1838 Octavario
1894 1805 2027 1858 quo-

1169 1852 1318 1903 modo
1338 1852 1673 1903 ordinandum
1696 1857 1762 1902 sit
1789 1852 2023 1904 Officium

1173 1920 1409 1981 Patroni,
1449 1924 1556 1970 sive
1593 1918 1677 1969 die
1713 1918 1881 1983 Festi,
1921 1924 2026 1972 sive

1167 1985 1347 2038 diebus
1371 1990 1500 2038 intra
1525 1985 1783 2040 Octavam.
