2392 4050
1032 174 1042 183 .

472 387 833 474 INDEX
882 378 1276 466 PARTIS
1326 375 1761 461 VERNAE.
1905 391 1912 398 ·

222 633 448 684 Rimmon
472 643 766 682 emanans.
1784 619 1909 682 Paq-
1985 633 2006 665 1

218 699 414 750 Tabula
434 696 680 748 exhibens
704 691 996 743 Officiorum
1018 683 1195 758 gradus
1214 696 1265 738 et
1289 684 1652 737 diversitatem.
1949 683 2015 748 34

220 767 386 818 Series
399 765 662 816 titulorum
681 761 775 811 sub
792 759 977 830 quibus
994 752 1294 808 ordinantur
1307 753 1532 804 Canones
1544 749 1881 800 Conciliorum

286 832 350 884 ad
370 833 556 883 calcem
582 831 830 880 Breviarii
850 824 1131 876 distributi.
1946 815 2012 866 36

222 901 464 951 Auctores
492 899 827 965 Hymnorum.
1948 882 2012 932 38

226 969 535 1018 Psamssamn
560 964 859 1032 dispositum
880 975 969 1028 per
989 952 1374 1007 hebdomadam.
1706 977 1711 982 ›
1987 964 2008 997 1

222 1033 533 1084 Onmmmuu
553 1031 819 1082 Breviarii.
1036 1049 1038 1053 ¹
1915 1031 1936 1064 1
1950 1015 2012 1065 16

227 1101 475 1152 Pnormuu
497 1117 555 1148 nr.
578 1098 814 1148 Tauroni:
831 1132 844 1156 ,
867 1092 932 1142 ab
960 1093 1114 1142 initio
1142 1086 1544 1158 Quadragesimae
1576 1083 1640 1135 ad
1661 1081 1883 1151 comple-

236 1177 245 1184 '
288 1175 392 1217 tam
413 1163 655 1214 Octavam
686 1164 1016 1212 pentecostes.
1650 1150 1683 1201 ἀ
1709 1164 1801 1214 127
1828 1151 1896 1199 ad
1954 1147 2014 1197 16

230 1233 479 1284 Paomuu
502 1231 799 1284 Sascronum
813 1263 827 1292 ,
849 1227 878 1276 a
897 1225 980 1276 die
1002 1225 1037 1290 4
1058 1221 1324 1273 Februarii
1343 1217 1408 1270 ad
1426 1217 1562 1269 diem
1587 1233 1650 1284 ¹9
1671 1215 1840 1267 Junii.
1861 1215 2014 1332 2517

1830 1299 1859 1330 a
1948 1295 2014 1330 αα

228 1367 468 1418 Cominus.
505 1365 801 1415 Simo-tonum
816 1398 830 1423 ‚
857 1356 1128 1412 videlicet:

509 1431 879 1501 Apostolorum.
1977 1413 2016 1482 ij

233 1532 331 1540 —-—
507 1502 661 1549 unius
686 1497 943 1561 Martyris.
1891 1485 2018 1533 ibid.

232 1599 489 1634 ·······.-‘····
507 1565 729 1634 plui-ium
758 1563 1058 1627 Martyrum.
1921 1545 2016 1624 viij

233 1664 320 1673 -—-
516 1631 838 1682 Pontificum.
1921 1618 2016 1682 xii]

511 1699 803 1748 Doctorum.
1891 1680 2022 1758 xviij

237 1793 337 1802 ·--
516 1764 938 1828 Presbyterorum.
1887 1751 2014 1816 xxii]

460 1831 469 1836 “
514 1830 770 1880 Abbaium
789 1865 802 1890 ‚
826 1836 877 1877 et
901 1823 1285 1876 Monachorum.
1859 1815 2023 1883 xxviij

216 1920 290 1936 ·-
512 1897 544 1947 J
548 1904 792 1946 ustorum.
1279 1901 1284 1906 '
1865 1883 2025 1932 xxxiv

516 1963 803 2032 Virginum.
1863 1948 2024 1998 xxxix

515 2030 811 2080 Sanctarum
838 2026 1132 2079 Mulierum.
1930 2011 2023 2066 xlv
2070 2023 2076 2031 '

235 2092 471 2147 Officium
496 2098 553 2147 B.
582 2096 759 2146 Mariae
782 2100 838 2146 in
862 2093 1099 2144 sabbato·
1982 2077 2024 2159 lj

235 2162 471 2213 Officium
492 2180 701 2231 parvum
728 2164 786 2213 B.
812 2163 987 2213 Mariae
1010 2158 1254 2228 Virginis·
1777 2171 1789 2185 =
1949 2146 2028 2223 lvj·

241 2228 387 2280 Prosa
409 2229 471 2279 de
492 2228 664 2279 eadem
682 2266 696 2291 ‚
718 2232 983 2277 Inviolata.
1915 2213 2028 2284 lxv]

720 2295 890 2341 Stabat
910 2292 1085 2339 Mater.
1901 2280 2026 2331 ibid.

242 2360 427 2411 Psalmi
452 2357 846 2411 Poenitentiales.
1878 2344 2028 2424 lxviij

244 2427 453 2477 Litaniae
475 2426 789 2478 Sanctorum.
1897 2412 2028 2490 lxxi!

241 2493 620 2545 Commendatio
641 2495 822 2541 animae
843 2498 959 2539 ante
978 2486 1252 2538 decessum.
1843 2478 2028 2557 lxxvii-1

240 2558 476 2611 Officium
499 2558 880 2609 Defunctorum.
1845 2546 2027 2623 lxxxii-1

248 2625 545 2694 Praeparatio
568 2625 631 2675 ad
656 2622 880 2675 Missam.
1946 2628 2026 2690 καὶ

244 2692 527 2743 Gratiarum
552 2695 683 2751 actio
702 2700 813 2760 post
837 2690 1063 2741 Missam.
1903 2680 2026 2749 xcii]

246 2759 592 2810 Absolutionis
613 2758 768 2808 forma
791 2762 847 2808 in
870 2760 1187 2807 Sacramento
1213 2751 1552 2802 Poenitentiae.
1912 2747 2030 2795 xciv

246 2824 539 2877 Benedictio
555 2842 670 2876 cum
696 2824 1020 2893 Indulgentia
1039 2820 1261 2890 plenaria
1282 2820 1340 2867 in
1361 2815 1574 2867 articulo
1593 2815 1783 2864 mortis.
1933 2827 2031 2863 xcv

250 2892 480 2957 Hymnus
514 2896 635 2942 Veni
660 2894 875 2942 Creator.
1893 2876 2026 2948 xcvij

248 2956 424 3007 Oratio
434 2976 530 3023 pro
549 2959 733 3021 qratiis
752 2959 853 3005 Deo
873 2955 1099 3019 ayendis.
1903 2947 2028 2994 ibid.

252 3024 463 3073 Litaniae
487 3023 581 3073 Ss.
608 3022 841 3072 Nominis
860 3022 999 3073 Jesu.
1902 3013 2025 3060 ibid.

252 3090 465 3141 Litaniae
487 3088 546 3141 B.
576 3088 751 3139 Mariae
776 3088 1021 3158 Virginis²
1914 3078 2032 3128 xcix

250 3155 544 3207 Benedictio
564 3171 762 3204 mensae.
2003 3162 2033 3195 c

254 3223 596 3274 Itinerarium.
1939 3209 2027 3280 ciij

251 3290 493 3347 canonas.
1972 3294 2035 3328 cv

258 3356 511 3407 Lectiones
533 3357 667 3405 intra
692 3353 930 3404 Octavam
960 3353 1180 3403 Patroni.
1885 3342 2032 3413 cxxxi

252 3423 601 3475 Intonationes
630 3421 930 3471 psalmorum
954 3428 1005 3469 et
1026 3419 1361 3470 Canticorum.
1871 3428 2036 3465 cxxxv

256 3488 439 3541 Modus
460 3487 735 3539 inchoandi
760 3485 992 3538 Officium
1010 3523 1025 3549 ‚
1050 3494 1100 3537 et
1119 3483 1357 3537 cantandi
1385 3484 1669 3544 Lectiones,
1697 3479 1902 3530 Oratio-
1953 3544 2038 3597 ω

319 3572 407 3607 nes
424 3594 437 3615 ‚
463 3564 559 3606 etc.

407 3626 454 3681 V
456 3643 598 3679 ma.
1718 3634 1748 3669 c·
