2392 4050
447 183 555 234 500

448 353 608 407 stolas
627 352 882 408 instituit=
906 362 961 408 at
977 355 1145 426 paulo
1162 362 1303 425 post,

448 427 659 480 mutdto
684 426 943 492 consilio,
974 429 1043 482 ad
1076 445 1197 482 eam
1235 445 1305 482 se-

922 202 939 236 1
958 203 977 236 1
1010 185 1161 238 Maii.
1192 199 1231 237 s.
1265 201 1486 241 nausa-rx
1513 201 1752 240 anscom.

450 280 703 334 tanorum
724 278 1053 353 Episcopum
1076 297 1176 354 per
1201 283 1309 354 epi·
1381 323 1474 347 ,ω

1481 320 1723 349 “totototo
1731 317 1878 344 §4400ss
1889 317 1984 343 *00⁸
1992 315 2125 342 unu
2133 315 2170 340 0⁸
2179 316 2213 338 u

1697 409 1803 448 nn:
1835 406 1922 445 ii.

450 500 575 552 dem
638 500 937 556 Maximum
1004 503 1268 572 Cynicum
1290 542 1305 566 ,
1369 555 1376 560 ,
1427 499 1720 562 SANCTI
1759 495 2185 568 MAMER'H,

450 573 613 626 Ciero
651 581 705 627 et
752 575 913 645 plebe
956 575 1308 647 repugnanti-

447 644 570 708 buS,
600 647 787 701 evexit.
822 651 1127 703 convocata
1152 648 1307 703 dein-

448 719 515 774 de
558 721 1151 794 Constantinopolitana
1176 725 1309 793 Syn-

448 791 557 845 odo
584 833 598 854 ‚
668 795 932 848 Maximus
1014 795 1304 864 dejicitnr3

451 866 744 935 Gregorius
781 871 907 922 vero
949 869 1311 922 confirmatur

448 939 612 1009 opera
678 942 877 996 Meletii
944 941 1305 1004 Antiocheni‚

450 1019 572 1084 ante
653 1013 946 1069 adveutum
1035 1015 1309 1070 Timothei

447 1085 828 1150 Alexandrini,
899 1095 954 1141 et
1022 1090 1308 1162 Episcopo-

448 1172 571 1210 rum
604 1161 813 1233 AEgypti
832 1203 846 1224 ‚
880 1160 1218 1231 aliorumque
1245 1179 1311 1216 ex

448 1232 801 1289 Macedonia:
858 1235 954 1304 qui
1020 1236 1145 1288 cum
1215 1235 1307 1288 ad-

446 1313 657 1370 essent,
734 1317 1103 1379 negarentque
1176 1308 1308 1363 citra

448 1393 607 1432 suum
652 1396 974 1436 consensum
1012 1383 1308 1436 Constanti-

446 1453 634 1524 nopoli
678 1453 794 1510 dari
835 1455 1163 1528 Episcopum
1209 1472 1305 1527 po-

448 1525 608 1580 tuisse
626 1567 641 1590 ,
686 1530 979 1598 Gregorius
1020 1529 1079 1582 in
1120 1529 1309 1582 Conci-

446 1598 521 1652 lio
546 1599 725 1654 studio
750 1603 898 1672 pacis
930 1618 984 1655 se
1011 1602 1271 1656 abdicans
1289 1643 1304 1666 ,

446 1670 619 1725 dixit=
666 1675 723 1726 Si
768 1674 919 1728 vobis
974 1676 1085 1728 ullo
1140 1675 1304 1729 modo

447 1742 653 1799 dissidii
700 1762 858 1802 causa
906 1764 1027 1802 sum
1044 1787 1059 1812 ‚
1109 1750 1306 1802 Jonam

444 1818 775 1890 prophetam
823 1821 941 1875 vitae
1001 1822 1307 1892 integritate

448 1907 560 1945 non
586 1894 811 1964 supero,
842 1894 1093 1966 projicite
1123 1911 1215 1948 me
1248 1896 1306 1948 in

438 1979 625 2028 mare,
674 1973 727 2020 et
785 1965 903 2021 haec
969 1969 1305 2023 tumultuum

444 2039 695 2107 procellae
736 2042 1135 2110 conquiescent.
1180 2046 1307 2097 Post

443 2108 561 2163 haec
611 2114 640 2164 a
702 2113 923 2182 Synodo
989 2115 1299 2178 discedens,

444 2184 571 2237 cum
601 2187 874 2239 Nectarius
908 2186 959 2239 ei
988 2187 1306 2242 substitutus

436 2263 609 2326 esset,
646 2259 937 2313 Arianzum
972 2277 1027 2314 se
1062 2263 1301 2333 recepitz

444 2330 593 2385 unde
643 2335 938 2387 Caesaream
990 2335 1267 2407 profectus
1286 2377 1300 2398 ,

445 2404 505 2457 in
542 2405 757 2461 laudem
785 2407 966 2462 Basilii
1002 2424 1179 2481 nuper
1211 2408 1303 2462 de-

446 2476 623 2532 functi
666 2480 970 2535 orationem
1014 2483 1301 2537 funebrem

444 2549 654 2605 hahuit.
716 2553 936 2607 Dehinc
986 2557 1302 2613 Nazianzum

444 2624 676 2677 Praesule
707 2625 951 2681 orbatam
986 2629 1303 2699 aliquandiu

446 2695 868 2761 administra-viu
918 2698 1077 2770 eique
1124 2704 1302 2759 Eccle-

441 2765 532 2819 siae
554 2764 621 2817 ab
642 2766 829 2821 haeresi
848 2777 1154 2841 expurgatae
1172 2792 1302 2847 prae-

442 2836 737 2892 ficiendum
766 2844 973 2895 curavit
1006 2848 1295 2901 Eulalium.

443 2912 550 2963 Rus
585 2910 781 2967 deinde
808 2916 1045 2981 secessit,
1066 2918 1165 2973 ubi
1190 2924 1300 2976 mo·

1517 619 1779 672 Emscom.
1861 614 2112 683 Simplex.

1449 769 1525 820 De
1552 764 1820 820 Communi
1845 763 2158 833 Pontificum,

1649 867 1844 916 Laeuo
1873 877 1962 914 ιιι.

1382 899 1777 990 Manna-rus
1841 935 2022 989 Hilari
2089 936 2232 1005 Papae

1380 1009 1716 1082 temporibus
1803 1009 1956 1063 circa
2047 1024 2232 1062 annum

1381 1082 1996 1153 quadringentesimum
2039 1083 2232 1150 sexage-

1379 1155 1918 1212 simum-secundum
1935 1155 2238 1209 Viennensis

1380 1230 1698 1302 episcopus,
1743 1231 1866 1301 ipsa
1902 1230 2236 1283 resurrectio·

1379 1305 1462 1358 nis
1500 1304 1810 1358 Dominicae
1838 1303 2028 1372 vigilia
2046 1343 2061 1366 ,
2091 1302 2238 1356 defla-

1377 1384 1565 1446 grante
1607 1376 1806 1448 regalis
1849 1377 2052 1447 palatii
2095 1393 2235 1438 arce,

1377 1452 1504 1512 cum
1553 1451 1694 1506 cives
1741 1449 2103 1504 facultatibus
2143 1450 2241 1504 suis

1378 1524 1746 1596 domibusque
1812 1531 2124 1578 metuentes
2185 1540 2238 1576 ex

1377 1599 1598 1652 ecclesia
1664 1597 2079 1661 discessissent,
2141 1597 2238 1668 ipse

1377 1673 1520 1726 solus
1559 1673 1620 1725 in
1659 1688 1722 1726 ea
1765 1671 2070 1733 remansit,
2099 1677 2148 1723 et
2181 1671 2242 1723 la-

1377 1746 1576 1816 crymis
1612 1751 1666 1799 et
1690 1745 2048 1799 orationibus
2075 1744 2238 1797 incen-

1379 1819 1530 1872 dium
1557 1818 1878 1888 extinguere
1903 1817 2124 1871 meruit.
2145 1817 2244 1871 Sed

1351 1894 1488 1961 -xjam
1521 1895 1676 1946 antea
1705 1893 1822 1946 fere
1850 1909 1956 1964 per
1987 1890 2120 1945 anni
2142 1893 2243 1962 spi·

1380 1966 1513 2018 tium
1540 1965 1868 2037 frequentes.
1885 1973 2044 2019 terrae
2077 1972 2242 2018 motus

1374 2040 1558 2111 plures
1593 2039 1846 2111 ejusdem
1881 2038 2122 2095 civitatis
2154 2037 2241 2091 do·

1375 2129 1494 2165 mos
1549 2122 1603 2167 et
1651 2112 1908 2167 basilicas
1968 2112 2240 2166 concusse-

1375 2193 1528 2249 rant,
1553 2188 1762 2241 insoliti
1789 2202 2020 2257 quoque
2045 2186 2244 2240 sonitus

1374 2261 1668 2323 nocturni,
1711 2267 1767 2313 et
1805 2261 1960 2333 lupi,
2011 2260 2152 2323 ursi,
2196 2266 2244 2311 et

1375 2334 1536 2407 cervi.
1557 2350 1657 2406 per
1694 2332 1893 2387 urbem
1937 2331 2242 2387 oberrantes

1375 2408 1584 2463 exitiale
1599 2406 1866 2477 quiddam
1885 2423 1950 2461 ac
1973 2406 2138 2460 ferale
2152 2406 2240 2459 mi-

1373 2479 1707 2555 uitabantur.
1755 2485 1902 2545 Quae
1937 2480 2152 2549 flagella
2186 2486 2244 2531 ut

1373 2557 1662 2619 averteret,
1698 2555 1896 2609 eadem
1935 2561 2138 2615 nocte,
2171 2551 2241 2603 ci-

1374 2625 1526 2680 vibus
1561 2634 1688 2697 post
1721 2627 2032 2681 extinctum
2069 2626 2241 2679 incen-

1376 2701 1527 2755 dium
1565 2700 1636 2754 ad
1667 2701 1958 2755 ecclesiam
1992 2698 2238 2753 reversis·

1374 2773 1558 2827 animo
1624 2775 1885 2845 concepit
1965 2774 2241 2827 instituere

1371 2846 1607 2901 Litanias
1656 2848 1872 2903 usitatis
1927 2845 2234 2900 sanctiores,

1371 2922 1476 2974 Has
1493 2920 1679 2990 postea
1697 2920 1902 2974 indixit
1919 2920 2108 2975 triduo
2121 2926 2240 2973 ante

442 2983 603 3037 nachi
640 2986 803 3040 vitam
838 3005 1029 3059 agens,
1063 2996 1300 3063 gravissi-
1335 3020 1343 3063 ι
1370 2994 1752 3047 Ascensionem
1795 2992 2153 3047 celebrandas
2188 2991 2240 3043 in

443 3070 558 3109 mas
602 3062 778 3114 carnis
825 3066 1147 3121 tentationes
1186 3084 1302 3121 ora-

442 3129 715 3201 tionibus,
745 3135 972 3204 jejuniis
1004 3154 1067 3191 ac
1104 3140 1300 3210 vigiliis

441 3206 723 3286 superavit.
755 3212 1018 3273 Demum‚
1052 3212 1298 3267 Theodo-

442 3288 519 3358 sio
541 3288 859 3347 imperante,
883 3284 1139 3347 decessit3
1163 3288 1296 3340 mul-

442 3352 508 3398 tis
524 3362 684 3417 super
708 3367 877 3421 aegros
900 3362 955 3409 et
977 3361 1293 3428 energume-

441 3434 544 3546 {lips
576 3424 797 3491 patratis
832 3427 890 3483 in
923 3429 1031 3485 vita
1060 3432 1292 3486 miracu-

1365 3066 1595 3136 jejuniis
1609 3106 1623 3127 ,
1653 3068 2100 3139 compunctione
2135 3080 2238 3118 cor-

1369 3139 1451 3192 dis
1485 3146 1540 3193 et
1571 3139 1938 3211 eleemosynis
1957 3182 1973 3203 ,
2007 3141 2078 3194 ad
2113 3152 2240 3207 quas

1367 3211 1629 3265 universis
1691 3212 1954 3267 fidelibus
2015 3226 2236 3266 concur·

1365 3284 1642 3347 rentibus,
1673 3295 1868 3339 coorta
1903 3286 2136 3340 cessavit
2159 3300 2236 3337 ca·

1366 3358 1592 3413 tamitas.
1656 3361 1760 3411 Eas
1816 3359 2238 3431 supplicationes

1365 3447 1492 3485 mox
1531 3434 1646 3485 tota
1671 3432 1863 3487 'Gallia
1901 3431 2236 3504 praescriptas

1269 3542 1275 3550 -
1366 3511 1419 3558 et
1475 3503 1817 3569 observatas,
1885 3509 2062 3560 Roma
2129 3504 2234 3574 ipsa
