2392 4050
891 200 1014 241 mns
1038 199 1269 240 secum.
1916 185 1976 237 15

213 272 526 347 Evangelium
571 286 623 329 et
680 279 900 332 Romilia
948 282 1089 366 diei!

208 344 413 405 Octavae,
431 343 706 397 dummodo
721 347 1051 416 Evangelium

204 407 444 462 diversum
476 417 544 462 sit
574 412 638 462 ab
656 413 931 484 Evangelio
950 415 1054 465 Fe·-

203 479 261 524 sti
274 497 287 538 3
306 475 431 526 alias
447 481 764 542 omittititur,
789 490 848 531 ut
860 480 1051 530 dictum

202 549 341 590 estsu
402 543 470 604 a,
501 545 677 595 n.6o:
708 546 794 596 sed
824 547 1053 616 Evange—

201 607 317 658 lium
343 559 635 659 gominieae
664 616 968 663 occurrentis
996 616 1053 662 in

205 672 398 741 Proprie
438 673 505 724 de
545 675 789 745 Tempore
811 716 826 741 ,
862 695 1053 747 semper

200 738 371 806 legitur
408 740 597 790 ultimo
644 743 773 794 loco.
829 744 888 794 Si
932 745 1053 796 vero

202 803 609 858 commemoratio
656 811 722 859 sit
769 809 833 860 de
882 811 1053 880 aliquo

203 869 393 938 Sancto,
420 872 595 923 Lectio
612 882 688 924 est
702 874 764 925 de
782 873 891 945 ejus
908 876 1049 938 Vita,

204 951 293 984 una
326 937 529 987 tantum
546 976 560 1000 ,
616 948 704 990 aut
752 941 945 992 duabus
994 945 1051 992 in

201 1017 343 1050 unam
372 1009 588 1067 coactis,
627 1005 775 1058 modo
796 1007 859 1057 de
879 1008 1051 1058 eadem

202 1065 399 1117 historia
425 1077 668 1122 texantur
699 1091 712 1121 z
744 1089 857 1142 quae
897 1076 1052 1124 omit-

200 1135 313 1182 titur
328 1139 751 1252 quotiescumffue
770 1155 858 1208 pro
870 1139 1049 1189 ultima

206 1198 427 1250 Lectione
500 1201 551 1251 le
584 1219 645 1252 en
683 1221 711 1252 a
765 1213 841 1254 est
879 1205 1049 1276 aliqua

202 1263 415 1316 Romilia
435 1269 497 1315 in
574 1269 877 1338 vangelium.

255 1331 336 1396 84.
404 1331 623 1383 Versum
683 1335 1048 1387 Sacer-dotalem

199 1401 527 1448 communiter
574 1410 852 1470 sequuntur
914 1403 1049 1452 Lau-

198 1459 290 1512 des.
339 1463 399 1513 Si
452 1465 577 1515 vero
622 1482 726 1516 non
779 1477 1051 1538 sequantur

196 1529 431 1580 continuo
445 1567 463 1593 ,
493 1529 683 1581 dicitur
712 1549 826 1582 cum
856 1537 1048 1604 integra

195 1594 511 1645 conclusione
547 1596 721 1649 Oratio
734 1636 750 1660 ,
780 1609 830 1649 et
860 1602 976 1650 ante
1000 1609 1049 1650 et

194 1660 298 1725 post
314 1659 511 1711 dicitur
522 1665 765 1713 Dominus
777 1667 1021 1715 vobiscum
1030 1687 1047 1728 ,·

195 1723 371 1776 deinde
407 1731 469 1776 in
507 1727 611 1777 fine
636 1765 650 1790 ,
695 1731 1047 1780 Benedicamus

194 1791 393 1842 Domino
410 1831 430 1852 ‚
466 1794 718 1843 Fidelium
748 1797 959 1854 animm,
999 1803 1050 1845 et

196 1855 335 1904 Pater
362 1867 549 1907 noster.
573 1857 638 1908 In
679 1857 839 1909 Feriis
880 1868 1045 1910 autem

194 1919 387 1985 Quadra
420 1925 593 1972 esimae
608 1961 621 1984 ‚
670 1933 721 1974 et
759 1929 935 1975 ceteris
991 1930 1048 1976 in

194 1986 371 2055 quibus
435 2005 571 2040 reces
593 1988 816 2041 dicenda
850 1999 969 2042 sunt
985 1991 1051 2043 ad

202 2052 399 2117 caudes,
494 2064 541 2105 st
571 2056 781 2107 Versum
804 2057 1047 2109 Sacerdo-

196 2118 337 2168 talem
342 2124 417 2182 ,si
504 2121 626 2172 udes
638 2138 741 2173 non
755 2133 1044 2193 sequanum

194 2184 428 2236 «licuntur
488 2187 635 2237 flexis
686 2188 894 2257 genibus
934 2190 1050 2239 Pre-

193 2249 266 2299 ces
292 2256 473 2320 positae
500 2252 565 2303 ad
586 2252 807 2304 Tertiam
832 2254 1048 2318 3deinde

193 2315 389 2379 Oratio,
427 2325 528 2369 etc.
562 2326 623 2368 ut
648 2320 811 2387 supra.

255 2383 339 2433 85.
351 2383 601 2453 Tempore
622 2385 867 2447 Paschali,
879 2385 933 2436 id
951 2394 1043 2450 est,

196 2446 225 2495 a
254 2445 335 2497 die
372 2460 547 2501 sancto
591 2450 790 2501 Paschae
823 2450 887 2501 ad
918 2452 1049 2503 Sab-

194 2511 359 2564 batum
386 2525 503 2584 post
528 2516 853 2567 Pentecosten
880 2518 1048 2569 inclu-

192 2580 296 2630 sive
307 2618 324 2643 ,
364 2583 423 2630 in
458 2580 643 2632 Officio
669 2592 773 2633 tam
804 2584 864 2633 de
893 2583 1047 2633 Tem—

190 2658 319 2711 pore,
336 2647 497 2717 quam
516 2646 580 2699 de
601 2647 817 2711 Sanctis,
838 2652 1045 2709 unicum

191 2708 373 2762 dicitur
418 2712 737 2765 Nocturnum
754 2753 769 2776 ‚
815 2722 1045 2766 constans

190 2776 345 2828 tribus
366 2778 602 2841 Psalmis,
621 2780 831 2831 totidem
858 2781 1047 2831 Lectio-

190 2842 352 2906 nibus,
380 2855 437 2895 et
458 2844 819 2914 Responsoriis.
859 2846 1045 2897 Psalmi

190 2912 446 2960 variantur
463 2948 479 2972 ,
512 2919 573 2960 ut
594 2921 799 2962 notatur
832 2916 889 2963 in
923 2912 1045 2962 Pro-

188 2977 291 3041 prio
310 2974 375 3027 de
400 2976 529 3025 Tem
594 2994 676 3040 re;
711 2987 763 3029 et
781 2980 839 3027 in
856 2977 1046 3047 Dupli-

186 3039 323 3091 cibus
346 3048 401 3091 et
429 3044 441 3055 “
576 3079 590 3104 ,
628 3042 871 3093 dicuntur
898 3052 958 3093 ut
987 3047 1044 3093 in

188 3103 365 3157 Officio
390 3105 459 3157 do
482 3106 627 3157 Feria
656 3108 749 3158 sub
768 3111 920 3159 unica
938 3109 1046 3158 An-

188 3170 415 3239 tiphona.
444 3172 512 3221 In
533 3173 854 3224 Annualibus
875 3181 1043 3225 autem

188 3247 235 3284 et
254 3237 583 3288 Solemnibus
596 3276 611 3301 ,
648 3239 830 3289 Psalmi
854 3239 1043 3291 dicun-

188 3310 265 3351 tur
283 3302 379 3353 sub
400 3301 567 3354 tribus
583 3304 914 3373 Antiphonis‚
936 3308 1044 3385 ipso

186 3364 265 3418 die
284 3368 439 3419 Festo
457 3389 473 3430 ς
502 3384 609 3419 non
629 3372 749 3423 vero
766 3370 945 3420 diebus
964 3386 1045 3420 m·

188 3440 257 3481 tra
291 3434 541 3485 Octavam
564 3471 580 3497 ,
628 3438 686 3487 in
724 3436 911 3508 quibus
941 3452 1043 3487 una

184 3499 381 3552 tantiam
412 3500 623 3551 dicitur.

1399 308 1595 348 CAPUT
1619 309 1686 347 11.

1367 389 1446 440 De
1471 390 1742 456 Laudibus.

1132 542 1135 544 v
1186 477 1270 529 86.
1315 477 1396 528 Ad
1445 476 1635 528 Laudes
1674 478 1976 545 (praemissis

1120 545 1270 593 Pater
1289 552 1340 593 et
1368 548 1487 602 Avo,
1518 546 1562 592 si
1591 551 1878 611 separentur
1911 543 1978 594 ab

1122 607 1301 659 Officio
1371 608 1632 660 raecedenti
1654 629 1668 672 3
1706 608 1774 658 ali
1844 611 1936 659 uin
1956 647 1972 671 ,

1120 682 1231 789 gost
1341 693 1504 725 ersum
1567 671 1798 725 Sacerdot
1851 689 1930 724 em
1953 677 1972 744 )

1156 744 1308 790 icitur
1355 743 1494 790 Deus
1536 744 1593 790 in
1642 742 1940 810 adjutor-im
1950 778 1970 801 ,

1120 804 1304 856 deinde
1320 806 1502 856 Psalmi
1521 815 1572 856 et
1583 806 1842 856 Canticum
1857 821 1972 855 cum

1120 871 1431 941 Antiphonis
1460 870 1640 923 Officio
1667 875 1976 923 convenien-

1120 937 1285 1000 tibus,
1328 947 1384 989 ut
1427 937 1640 988 habetur
1679 940 1736 986 in
1778 937 1975 988 Psalte-

1118 1007 1195 1054 rio
1222 1021 1310 1073 pro
1329 1021 1634 1074 unoquoque
1651 1002 1974 1054 hebdomada!

1118 1069 1202 1119 die
1217 1107 1230 1132 ,
1262 1071 1344 1121 vel
1373 1074 1503 1120 sicut
1531 1077 1733 1120 notatur
1765 1073 1822 1119 in
1852 1069 1974 1119 Pro-

1118 1139 1228 1202 prio
1255 1134 1318 1185 de
1348 1135 1471 1186 Tem
1537 1151 1590 1184 re
1609 1172 1623 1197 ,
1645 1141 1734 1184 aut
1764 1138 1821 1184 in
1853 1135 1975 1185 Pro-

1118 1205 1230 1269 prio
1255 1201 1340 1253 vel
1368 1205 1428 1250 in
1495 1202 1724 1250 ommuni
1755 1199 1972 1251 Sanetu-

1119 1283 1252 1316 rum.

1185 1333 1270 1396 87.
1309 1332 1372 1381 In
1405 1329 1975 1382 Solemnibus—minori—

1118 1396 1214 1447 bus
1250 1405 1302 1447 et
1347 1398 1520 1466 supra,
1564 1396 1748 1446 Psalmi
1785 1413 1885 1446 sem

1116 1462 1357 1514 ‹licuntur-
1371 1463 1434 1514 de
1450 1464 1746 1525 Dominica3
1779 1465 1836 1512 in
1907 1479 1973 1514 u·-

1152 1529 1334 1580 licibus
1354 1538 1405 1580 et
1425 1529 1556 1580 infra
1577 1568 1590 1591 ‚
1630 1529 1815 1579 Psalmi
1853 1537 1974 1579 sunt

1152 1613 1179 1644 e
1215 1596 1388 1658 Feria‚
1415 1599 1516 1646 nisi
1545 1596 1690 1646 aliter
1727 1602 1966 1658 notetur3

1117 1661 1204 1711 sed
1223 1665 1278 1711 in
1298 1662 1526 1732 quolibet
1543 1663 1689 1712 Festo
1707 1662 1968 1711 Canticum

1117 1727 1199 1777 vel
1232 1737 1307 1777 est
1335 1731 1609 1797 proprium,
1650 1727 1732 1778 vel
1752 1731 1968 1778 sumitur

1117 1791 1179 1844 de
1199 1793 1464 1843 Communi
1485 1794 1795 1843 Sanctorum.

1182 1860 1266 1910 88.
1317 1860 1458 1909 Intra
1506 1858 1717 1908 octavas
1761 1860 1974 1908 Annua-

1114 1923 1534 1996 lium-majorum,
1552 1927 1609 1974 in
1624 1924 1784 1974 Festis
1805 1923 1974 1974 Semi-⁴

1116 1989 1400 2060 duplicibus
1437 2001 1488 2042 et
1519 1990 1664 2059 supr&
1678 2028 1695 2053 ,
1734 1988 1973 2041 dicuntur

1116 2062 1342 2128 quinque
1366 2056 1674 2126 Antiphonae
1689 2080 1704 2121 3
1747 2072 1890 2126 quoe,
1926 2059 1969 2105 si

1116 2138 1220 2173 non
1239 2124 1406 2173 adsint
1423 2140 1510 2192 pro
1571 2126 1630 2171 'ae
1652 2160 1666 2185 ,
1703 2130 1972 2173 sumuntur

1116 2188 1177 2238 de
1198 2189 1479 2239 Communi.
1499 2230 1515 2239 .
1550 2192 1634 2238 tin
1651 2188 1810 2237 Festis
1825 2187 1970 2237 Sim·-

1115 2254 1332 2323 plicibus
1347 2294 1360 2317 ,
1404 2255 1587 2306 Psalmi
1611 2253 1854 2305 dicuntur
1877 2252 1970 2303 sub

1186 2330 1292 2371 arta
1313 2321 1606 2391 Antiphona
1628 2320 1692 2370 de
1713 2318 1967 2369 Laudibus

1114 2338 1256 2436 (illlius
1271 2387 1559 2437 Communis
1577 2385 1639 2435 de
1657 2401 1760 2453 quo
1771 2385 1832 2433 fit
1843 2382 1970 2433 Offi-

1116 2456 1252 2501 cium
1274 2470 1284 2501 :
1312 2456 1447 2501 intra
1463 2452 1674 2501 Octavas
1695 2446 1900 2499 secundi
1917 2458 1970 2497 et

1118 2519 1257 2565 tertii
1287 2516 1511 2578 Ordinis,
1532 2514 1626 2565 sub
1687 2522 1828 2563 uarta
1855 2513 1969 2562 An-

1116 2580 1329 2631 ti-›hona
1381 2581 1444 2632 de
1499 2579 1655 2631 Laudi
1695 2594 1750 2629 us
1791 2579 1962 2641 Festi,

1115 2630 1217 2697 nisi
1246 2651 1440 2717 propria
1463 2650 1754 2716 assignetur.

1180 2715 1264 2779 89.
1290 2714 1354 2763 In
1377 2714 1536 2765 Feriis
1555 2716 1612 2762 in
1638 2710 1822 2783 quibus
1838 2726 1966 2761 una-

1113 2796 1325 2849 quaeque
1376 2778 1669 2847 Antiphona
1710 2776 1966 2846 depromi—

1113 2853 1196 2895 tur
1227 2848 1256 2895 ὲ
1298 2846 1494 2895 Psalmo
1561 2842 1836 2895 raecedente
1851 2880 1866 2905 ‚
1905 2853 1965 2893 ut

1115 2910 1330 2961 habetur
1347 2914 1404 2961 in
1438 2912 1526 2960 Psa
1555 2913 1677 2959 terio
1693 2947 1707 2971 ,
1773 2912 1964 2978 uinque

1115 2976 1424 3045 Antiphon-‘e
1459 2974 1714 3025 dicuntur.
1779 2992 1815 3024 n
1837 2984 1965 3025 cete-

1112 3046 1181 3091 ris
1205 3042 1382 3103 Feriis,
1403 3041 1591 3091 Laudes
1613 3040 1854 3091 dicuntur
1870 3040 1964 3090 sub

1112 3110 1264 3158 unica
1295 3107 1616 3175 Antiphona,
1648 3110 1819 3175 paucis
1845 3104 1962 3156 die-

1111 3172 1205 3223 bus
1235 3190 1352 3223 exce
1387 3177 1452 3223 tis
1475 3210 1488 3235 ,
1531 3181 1590 3223 ut
1624 3180 1825 3223 notatur
1862 3176 1964 3221 suis

1111 3239 1253 3300 locis,
1274 3243 1330 3289 in
1384 3254 1556 3289 ecursu
1585 3238 1845 3288 Breviarii.

1178 3318 1262 3369 90·
1291 3305 1407 3354 Post
1431 3304 1650 3353 Psalmos
1677 3305 1799 3371 (nisi
1819 3303 1965 3353 aliter

1111 3372 1352 3437 notetur)
1409 3368 1596 3420 dicitur
1639 3368 1924 3437 Capitulum
1948 3405 1961 3427 ,

1114 3436 1344 3501 Hymnus
1365 3473 1379 3497 ,
1423 3434 1708 3486 Vei-siculus
1729 3471 1744 3496 ‚
1784 3433 1964 3482 Canti-

1112 3517 1228 3551 cum
1248 3503 1557 3561 Benedicms,
1575 3516 1688 3550 cum
1711 3497 1963 3565 Antipho-
