2392 4050
540 159 673 198 mu
694 159 881 198 m'rm
898 158 1107 197 unsoms
1130 159 1456 198 munuum.

189 249 335 296 contr-a
345 240 688 313 vosmetipsos,
707 250 762 297 et
770 249 963 297 contra

188 315 399 370 civitatem
414 315 561 368 istam
576 323 628 370 et
636 314 962 371 habitatores

183 389 293 458 ejus:
317 389 368 442 in
396 388 601 443 veritate
634 391 780 444 enim
817 391 963 444 misit

182 479 249 515 me
266 461 507 518 Dominus
535 461 603 516 ad
626 479 745 525 vos,
785 471 846 517 ut
882 463 959 517 16-

180 549 327 604 querer
340 536 393 592 in
416 535 627 590 auribus
642 538 825 591 vestris
841 536 960 591 om-

178 610 244 663 nia
270 608 412 664 verba
435 609 571 664 haec.
610 611 964 674 Etbdixerunt

176 681 390 754 principes
422 689 475 737 et
512 685 689 743 omnis
729 685 965 756 populus

172 755 222 810 ad
242 757 523 812 Sacerdotes
554 763 609 810 et
638 758 707 811 ad
730 758 963 829 Prophe-

172 835 246 882 tas:
266 831 371 884 Non
401 839 475 885 est
505 830 619 884 viro
648 829 781 885 huic
811 831 962 899 judl-

170 903 277 956 cium
298 905 497 965 mortis;
514 904 643 975 quia
662 905 718 958 in
738 905 965 960 nomine

167 977 343 1032 Demiui
356 979 455 1035 Dei
470 977 643 1033 nostri
658 979 874 1034 locutus
887 987 965 1032 est

170 1051 216 1104 ad
233 1068 330 1106 nos.
354 1053 660 1107 Jenisalem.

216 1136 263 1192 ty.
290 1127 414 1179 Ecce
434 1126 803 1189 ascendimus,
835 1126 957 1179 250.

382 1202 567 1252 Luc-rm
596 1215 678 1253 111.

164 1270 301 1324 Lectio
341 1274 505 1328 sancti
554 1271 836 1342 Evangelii
883 1287 961 1326 se-

276 1345 501 1399 cundum
525 1347 793 1400 Marcum.

386 1421 511 1490 Cap.
554 1421 641 1484 14.

161 1449 214 1538 lu
230 1488 307 1544 illo
321 1493 556 1564 tempore
574 1515 593 1556 ;
617 1495 745 1546 Erat
758 1490 965 1546 Pascha

158 1569 195 1614 et
223 1565 391 1634 Azyma
430 1573 557 1637 post
598 1563 829 1621 biduum
858 1588 871 1618 ε
914 1573 967 1619 et

158 1635 637 1702 quaere-hantsummi
652 1639 967 1696 Sacerdotes

154 1715 193 1760 et
229 1709 403 1766 Scribae
447 1713 737 1784 quomodo
782 1716 965 1766 Jesum

154 1781 251 1835 dolo
271 1788 526 1851 tenerent,
552 1793 613 1842 et
628 1785 961 1841 occiderent.

158 1856 205 1906 Et
224 1859 419 1929 reliqua.

199 1931 401 1990 Humilia
446 1933 629 1990 sancti
675 1933 897 1990 Joannis

337 2007 725 2080 chrysostomi.

154 2110 201 2199 Ρ
296 2080 355 2133 In
399 2083 600 2137 Marth.
657 2084 744 2137 80.

200 2166 452 2209 nucius
480 2156 847 2212 sacerdotum
877 2170 971 2209 eos

152 2221 277 2286 dicit,
300 2228 388 2297 qui
412 2229 481 2283 de
508 2229 859 2303 principibus
883 2230 968 2282 Sa-

152 2299 385 2355 cardetum
415 2304 655 2358 fuerant.
691 2305 855 2367 Quod
880 2318 969 2355 au-

150 2376 231 2424 tem
264 2376 545 2431 consilium
579 2378 875 2447 ceperunt?
903 2378 972 2429 Ut

150 2446 371 2501 occultius
382 2466 507 2504 eum
530 2453 793 2521 caperent
810 2456 971 2519 atque

152 2515 510 2577 interficerent?
525 2526 835 2591 Utrumque
848 2545 861 2575 ε
879 2525 971 2595 po-

152 2590 303 2657 pulum
334 2598 485 2651 enim
522 2596 683 2651 valde
718 2596 971 2651 formida·

150 2660 279 2739 bant,
298 2684 357 2723 ac
378 2670 509 2726 ideo
531 2669 810 2744 praeterlre
828 2669 971 2724 diem

154 2735 307 2795 testum
346 2743 611 2798 volebant
626 2784 642 2807 ,
690 2743 967 2797 dicentes:

156 2808 243 2864 Non
270 2815 325 2871 in
354 2817 445 2873 die
476 2817 635 2872 festo.
678 2817 815 2872 Nam
858 2816 973 2871 dia-

154 2877 301 2952 bolus,
340 2908 417 2945 ne
466 2889 753 2945 manifeste
798 2891 973 2962 passio

152 2961 315 3017 extaret
331 3006 345 3026 ‚
374 2967 446 3021 ad
470 2963 625 3018 aliud
651 2970 867 3035 tempus
890 2978 972 3017 re·

144 3027 279 3095 jloere
299 3037 473 3109 ipsam
492 3036 763 3092 studebat.
794 3040 871 3092 Ne
896 3044 974 3091 tu·
1032 3056 1037 3061 ·

146 3106 321 3161 multus
334 3149 348 3172 ‚
374 3110 666 3179 inquiunt,
690 3110 786 3165 fiat
806 3112 867 3165 in
882 3111 975 3182 po-

146 3180 267 3259 pulo.
308 3184 605 3239 Considera
642 3186 797 3241 valde
830 3184 977 3256 ipsos

150 3254 341 3319 timere,
384 3274 502 3313 non
547 3261 725 3313 Deum
742 3298 757 3320 ,
797 3274 976 3327 neque

148 3338 205 3377 ne
225 3330 391 3398 maius
412 3333 590 3385 scelus
606 3338 752 3385 esset
771 3330 833 3383 in
864 3331 977 3403 ipsa

148 3396 335 3455 Paschae
358 3404 727 3460 celebratione
754 3412 869 3457 tam
899 3412 977 3459 te-

150 3476 271 3526 trum
296 3474 509 3532 facinus
532 3479 707 3535 facere
724 3518 739 3543 ,
768 3477 862 3535 sed
885 3478 977 3533 ho-

1781 146 1886 213 257

1030 242 1266 296 mineset
1276 243 1588 297 tumultum.
1605 245 1688 296 Ira
1701 249 1890 296 tamen

1033 315 1358 372 inflammati
1373 357 1386 380 ,
1403 319 1756 388 posteaquam
1769 331 1888 388 pro-

1022 389 1264 444 ditorem
1321 391 1648 445 invenerunt
1671 431 1685 454 ,
1737 405 1888 444 com-

1033 464 1250 526 mutati,
1273 465 1552 535 expectare
1570 480 1684 518 non
1703 466 1887 536 potue-

1032 544 1179 599 runt,
1211 536 1305 590 sed
1330 539 1387 591 in
1410 537 1526 607 ipsa
1549 536 1890 592 solemnitate

1033 627 1161 673 eum
1185 611 1519 667 occiderunt.
1550 611 1717 675 Quasi
1741 610 1884 664 enim

1033 684 1165 738 caeci
1207 686 1500 756 cupiditate
1527 725 1542 746 ,
1575 685 1889 753 furoreque

1034 759 1225 812 irritati
1251 797 1268 822 ,
1329 757 1737 831 quamprimum
1787 755 1890 811 sibi

1036 831 1258 886 facultas
1277 833 1399 887 data
1418 839 1515 895 est,
1538 835 1880 902 peregerunt.

1035 907 1103 958 Et
1121 906 1366 976 quamvis
1385 905 1496 976 ipse
1515 905 1757 975 nequitia
1777 904 1889 958 illo-

1032 995 1157 1032 rum
1196 979 1558 1050 dispensando
1601 980 1662 1033 in
1699 978 1892 1032 melius

1035 1055 1276 1108 uteretur
1293 1084 1332 1116 ,-
1357 1069 1472 1106 non
1521 1059 1704 1106 tamen
1760 1049 1892 1104 hinc

1034 1126 1246 1180 innoxii
1288 1126 1416 1180 facti
1433 1165 1447 1188 ,
1489 1132 1714 1197 propter
1750 1124 1894 1178 hanc

1034 1211 1250 1255 causam
1322 1200 1558 1268 effugere
1632 1199 1892 1269 poterunt

1034 1271 1395 1345 supplicium3
1425 1273 1552 1324 cum
1579 1272 1738 1326 mille
1767 1285 1888 1324 cru-

1036 1347 1209 1400 ciatus
1235 1363 1300 1399 ex
1325 1343 1892 1417 voluntatis-pravitate

1035 1427 1374 1483 mereantur,
1410 1419 1505 1490 qui
1543 1434 1608 1472 eo
1645 1420 1896 1489 tempore

1036 1509 1146 1565 quo
1171 1493 1322 1547 noxii
1339 1492 1502 1548 etiam
1523 1490 1887 1553 solvebantur,

1037 1567 1386 1622 innocentem
1433 1565 1742 1622 interficere
1805 1580 1890 1617 vo·

1038 1642 1286 1702 luerunt,
1318 1642 1347 1694 a
1379 1654 1492 1710 quo
1521 1639 1810 1694 innumera
1841 1646 1893 1692 et

1036 1714 1306 1768 immensa
1342 1712 1611 1768 beneficia
1653 1715 1891 1783 suscepe-

1037 1789 1191 1851 rant,
1233 1795 1286 1840 et
1333 1788 1430 1856 qui
1472 1792 1698 1858 propter
1739 1786 1888 1847 illos.

1037 1867 1225 1932 gentes
1259 1860 1464 1914 interea
1507 1859 1778 1928 negligere
1816 1859 1892 1911 vi-

1040 1933 1289 1992 debatur.

1114 2026 1181 2081 iy.
1216 2006 1546 2075 Quaerebant
1571 2002 1771 2061 summi
1797 2007 1893 2061 Sa-

1038 2084 1284 2139 cerdotes
1307 2089 1360 2136 et
1383 2082 1586 2135 Scribas
1613 2080 1896 2151 quomodo

1038 2159 1221 2211 Jesum
1257 2156 1384 2209 dolo
1421 2158 1698 2217 tenerent,
1721 2160 1787 2207 -et
1809 2168 1894 2207 oc·

1041 2229 1316 2289 ciderentss
1342 2228 1368 2257 ³*
1385 2227 1658 2283 Dicebant
1679 2233 1891 2280 autem:

1042 2307 1160 2358 Non
1206 2304 1264 2356 in
1303 2300 1394 2356 die
1436 2300 1605 2364 fest03
1643 2316 1716 2353 ne
1759 2300 1898 2352 sorte

1042 2377 1304 2431 tumultus
1353 2374 1511 2428 fleret
1552 2373 1612 2427 in
1665 2371 1892 2443 popule.

1042 2454 1109 2520 71.
1165 2449 1275 2513 Qui
1325 2443 1672 2516 inquirebant
1721 2444 1862 2496 mala
1881 2483 1894 2506 ‚

1044 2522 1211 2577 locuti
1229 2529 1354 2575 sunt
1371 2520 1648 2580 vanitates,
1673 2522 1728 2571 et
1747 2516 1901 2571 dolos

1041 2600 1153 2651 tota
1190 2594 1280 2649 die
1311 2590 1728 2648 meditabantur.
1758 2591 1784 2618 ⁴*
1801 2590 1898 2645 Di-

1044 2668 1260 2725 cebant.
1290 2669 1456 2721 Maro.
1495 2666 1578 2731 14.
1608 2667 1700 2719 Ps.
1733 2665 1820 2734 57.

1114 2747 1161 2813 ,Ϋ
1203 2741 1411 2795 Sacerci.
1457 2738 1706 2794 Laudans
1745 2739 1896 2793 invo-

1044 2815 1181 2870 cabo
1231 2814 1574 2877 Dominum3
1610 2825 1673 2881 ιγ.
1722 2816 1790 2868 Et
1832 2810 1900 2865 ab

1046 2889 1282 2943 inimicis
1340 2888 1474 2942 meis
1538 2889 1711 2942 salvus
1783 2900 1894 2939 ero.

1044 2966 1137 3017 Pa.
1174 2982 1195 3016 ι
1245 3001 1256 3013 .

1207 2982 1238 3032 7
1262 3038 1358 3089 AD
1395 3034 1689 3088 LAUDES.

1115 3109 1247 3163 Ant.
1270 3110 1320 3163 8.
1345 3110 1409 3162 G.
1432 3108 1698 3162 Dixerunt
1715 3104 1898 3175 lmpii=

1046 3183 1444 3255 opprimamus
1464 3181 1640 3233 virum
1657 3180 1865 3249 justum
1884 3219 1897 3240 ‚

1046 3257 1310 3329 quoniam
1346 3254 1552 3310 inutilis
1593 3250 1671 3307 est
1707 3251 1867 3307 nobis
1884 3292 1898 3313 ‚

1047 3340 1101 3385 et
1130 3331 1465 3403 improperat
1491 3326 1652 3382 nobis
1681 3327 1904 3399 peecata

1046 3405 1195 3475 legis.
1224 3404 1350 3474 Sap.
1385 3420 1436 3456 2.
1885 3424 1892 3433 ·

1091 3478 1247 3543 ,Ana
1280 3496 1330 3547 7.
1359 3475 1408 3529 d.
1435 3479 1632 3530 Factus
1650 3481 1728 3529 est
1743 3470 1906 3527 nobis
